@STRING{cpc	= "Comp. Phys. Comm." }
@STRING{jcp	= "J. Comp. Phys." }
@STRING{jpp	= "J. Plasma Physics" }
@STRING{nf	= "Nucl. Fusion" }
@STRING{ppcf    = "Plasma Phys. Controlled Fusion" }
@STRING{pf	= "Phys. Fluids" }
@STRING{pfb	= "Phys. Fluids B" }
@STRING{pp	= "Phys. Plasmas" }
@STRING{ppcf	= "Plasma Phys. Controlled Fusion" }
@STRING{prl	= "Phys. Rev. Letters" }
@STRING{rsi	= "Rev. Sci. Instrum." }
@STRING{jgr	= "J. Geophys. Res." }
@STRING{apj = "Astrophysical Journal"}

@ARTICLE{Fontes2009,
   author = {{Fontes}, C.~J. and {Abdallah}, J. and {Bowen}, C. and {Lee}, R.~W. and 
	{Ralchenko}, Y.},
    title = "{Review of the NLTE-5 kinetics workshop}",
  journal = {High Energy Density Physics},
     year = 2009,
    month = jun,
   volume = 5,
    pages = {15-22},
      doi = {10.1016/j.hedp.2009.02.004},
   adsurl = {http://adsabs.harvard.edu/abs/2009HEDP....5...15F},
  adsnote = {Provided by the SAO/NASA Astrophysics Data System}
}

@ARTICLE{Bowen2006,
   author = {{Bowen}, C. and {Lee}, R.~W. and {Ralchenko}, Y.},
    title = "{Comparing plasma population kinetics codes: Review of the NLTE-3 Kinetics Workshop}",
  journal = {Journal of Quantitative Spectroscopy and Radiative Transfer},
     year = 2006,
    month = may,
   volume = 99,
    pages = {102-119},
      doi = {10.1016/j.jqsrt.2005.05.008},
   adsurl = {http://adsabs.harvard.edu/abs/2006JQSRT..99..102B},
  adsnote = {Provided by the SAO/NASA Astrophysics Data System}
}

@ARTICLE{Rubiano2007,
   author = {{Rubiano}, J.~G. and {Florido}, R. and {Bowen}, C. and {Lee}, R.~W. and 
	{Ralchenko}, Y.},
    title = "{Review of the 4th NLTE Code Comparison Workshop}",
  journal = {High Energy Density Physics},
     year = 2007,
    month = may,
   volume = 3,
    pages = {225-232},
      doi = {10.1016/j.hedp.2007.02.027},
   adsurl = {http://adsabs.harvard.edu/abs/2007HEDP....3..225R},
  adsnote = {Provided by the SAO/NASA Astrophysics Data System}
}

@ARTICLE{Gu2008,
    author = {{Ming Feng Gu}},
    title = "{The flexible atomic code}",
    journal = {Canadian Journal of Physics},
    year = 2008,
    volume = 86,
    pages = {675-689},
}

@ARTICLE{Rodriguez2010,
   author = {{Rodriguez}, R. and {Florido}, R. and {Gil}, J.~M. and {Suarez}, D. and 
	{Martel}, P. and {Minguez}, E. and {Mancini}, R.~C.},
    title = "{Collisional-Radiative Calculations of Optically Thin and Thick Plasmas Using the Computational Package ABAKO/RAPCAL}",
  journal = {Communications in Computational Physics},
     year = 2010,
    month = Jul,
   volume = 8,
    pages = {185-210},
}

@ARTICLE{Zhao2003,
   author = {{Zhao}, Y. and {Chen}, C.~Y. and {Xia}, H.~N. and {Qi}, J.~B. and 
	{Wang}, Y.~S.},
    title = "{Electron-impact ionization cross sections and rates for ions of argon}",
  journal = {Journal of Quantitative Spectroscopy and Radiative Transfer},
     year = 2003,
    month = mar,
   volume = 77,
    pages = {301-315},
      doi = {10.1016/S0022-4073(02)00131-0},
   adsurl = {http://adsabs.harvard.edu/abs/2003JQSRT..77..301Z},
  adsnote = {Provided by the SAO/NASA Astrophysics Data System}
}

@ARTICLE{Ciardi2007,
   author = {{Ciardi}, A. and {Lebedev}, S.~V. and {Frank}, A. and {Blackman}, E.~G. and 
	{Chittenden}, J.~P. and {Jennings}, C.~J. and {Ampleford}, D.~J. and 
	{Bland}, S.~N. and {Bott}, S.~C. and {Rapley}, J. and {Hall}, G.~N. and 
	{Suzuki-Vidal}, F.~A. and {Marocchino}, A. and {Lery}, T. and 
	{Stehle}, C.},
    title = "{The evolution of magnetic tower jets in the laboratory}",
  journal = {Physics of Plasmas},
   eprint = {arXiv:astro-ph/0611441},
 keywords = {Magnetohydrodynamics, Magnetohydrodynamic and fluid equation, Ideal and resistive MHD modes; kinetic modes, Shock waves and discontinuities, Transport properties, Macroinstabilities},
     year = 2007,
    month = may,
   volume = 14,
   number = 5,
    pages = {056501},
      doi = {10.1063/1.2436479},
   adsurl = {http://adsabs.harvard.edu/abs/2007PhPl...14e6501C},
  adsnote = {Provided by the SAO/NASA Astrophysics Data System}
}

@ARTICLE{Gombosi2002,
   author = {{Gombosi}, T.~I. and {T{\'o}th}, G. and {de Zeeuw}, D.~L. and 
	{Hansen}, K.~C. and {Kabin}, K. and {Powell}, K.~G.},
    title = "{Semirelativistic Magnetohydrodynamics and Physics-Based Convergence Acceleration}",
  journal = {Journal of Computational Physics},
     year = 2002,
    month = mar,
   volume = 177,
    pages = {176-205},
      doi = {10.1006/jcph.2002.7009},
   adsurl = {http://adsabs.harvard.edu/abs/2002JCoPh.177..176G},
  adsnote = {Provided by the SAO/NASA Astrophysics Data System}
}

@Article{Buet2006,
   author = {{Buet}, C. and {Despres}, B.},
    title = "{Asymptotic preserving and positive schemes for radiation hydrodynamics}",
  journal = {Journal of Computational Physics},
     year = 2006,
    month = jul,
   volume = 215,
    pages = {717-740},
      doi = {10.1016/j.jcp.2005.11.011},
}

@Article{larsen_1987,
  author = 	 {Edward W. Larsen and J. E. Morel and Warren F. Miller, Jr},
  title = 	 {Asymptotic solutions of numerical transport problems in optically thick, diffusive regimes},
  journal = 	 {Journal of Computational Physics},
  year = 	 {1987},
  OPTkey = 	 {},
  volume = 	 {69},
  number = 	 {2},
  pages = 	 {283--324},
  OPTmonth = 	 {},
  OPTnote = 	 {},
  OPTannote = 	 {}
}

@Article{morel_1996,
  author = 	 {J. E. Morel and Iodd A Wareing and Kennith Smith},
  title = 	 {A {L}inear-{D}iscontinous {S}patial {D}ifferncing {S}cheme for $S_n$ {R}adiative {T}ransfer {C}alculations},
  journal = 	 {Journal of Computational Physics},
  year = 	 {1996},
  OPTkey = 	 {},
  volume = 	 {128},
  OPTnumber = 	 {},
  pages = 	 {445--462},
  OPTmonth = 	 {},
  OPTnote = 	 {},
  OPTannote = 	 {}
}

@ARTICLE{Lowrie1999,
   author = {{Lowrie}, R.~B. and {Morel}, J.~E. and {Hittinger}, J.~A.},
    title = "{The Coupling of Radiation and Hydrodynamics}",
  journal = {Astrophysical Journal},
 keywords = {HYDRODYNAMICS, RADIATIVE TRANSFER, WAVES},
     year = 1999,
    month = aug,
   volume = 521,
    pages = {432-450},
      doi = {10.1086/307515},
}

@InProceedings{Cassibry2008,
  author = {Jason Cassibry and Seth Thompson},
  title = {Modeling of formation and implosion of plasma liners by discrete jets},
  booktitle = {39th Plasmadynamics and Lasers Conference},
  year = {2008},
  month = {June},
  address = {Seattle, WA} 
}

@InProceedings{Cassibry2000,
  author = {J.T. Cassibry and S.T. Wu and Y.C.F. Thio and R. Eskridge and J.W. Smithe
  and M. Lee and C. Dobson and D. Davenport and G.R. Schmidt},
  title = {An estimation of tolerances on relative velocities of spherically converging plasma jets},
  booktitle = {31st AIAA Plasmadynamics and Lasers Conference},
  year = {2000},
  month = {June},
  address = {Denver, CO} 
}

@InProceedings{Cassibry2001,
  author = {J.T. Cassibry and Y.C.F. Thio and S.T. Wu},
  title = {Interfacial Stability of Converging Plasma Jets for Magnetized Target Fusion},
  booktitle = {37th AIAA/ASME/SAE/ASEE Join Propulsion Conference and Exhibit},
  year = {2001},
  month = {July},
  address = {Salt Lake City, UT} 
}

@InProceedings{Thio1999,
  author = {Y. C. F. Thio},
  title = {Magnetized Target Fusion in a Spheroidal Geometry with Standoff Drivers},
  booktitle = {Current Trends in International Fusion Research-Proc. 2nd Symposium},
  year = {1999}, 
}

@InProceedings{Thio2008,
  author = {Y.C.F. Thio},
  title = {Supersonic plasma jets as drivers for MIF},
  booktitle = {LANL Plasma Jet Workshop Presentations},
  year = {2008},
  month = {January} 
}

@ARTICLE{Thio,
   author = {Y. C. Francis Thio},
   title = {Magneto-inertial fusion: An emerging concept for inertial fusion and dense plasmas in ultrahigh magnetic fields}
}

@InProceedings{Case2008,
  author = {A. Case and F. D. Witherspoon and S. Messer and R. Bomgardner},
  title = {HyperV Plasma Jet Optical Diagnostics: Status and Plans},
  booktitle = {LANL Plasma Jet Workshop Presentations},
  year = {2008},
  month = {January} 
}

@InProceedings{Mason2008,
  author = {R. J. Mason},
  title = {ePLAS application to plasma jet modeling},
  booktitle = {LANL Plasma Jet Workshop Presentations},
  year = {2008},
  month = {January} 
}

@InProceedings{Santarius2008,
  author = {John F. Santarius},
  title = {Exploration of Plasma-Jet Magnetized-Target Fusion Burn Dynamics},
  booktitle = {LANL Plasma Jet Workshop Presentations},
  year = {2008},
  month = {January} 
}

@InProceedings{Kim2008,
  author = {Jin-Soo Kim and Sergei Galkin and I. Nick Bogatu},
  title = {Fart-Tech's Numerical Simulation Efforts for Plasma Jet Merging},
  booktitle = {LANL Plasma Jet Workshop Presentations},
  year = {2008},
  month = {January} 
}


@ARTICLE{Degnan1999,
   author = {J.H. Degnan},
   title = {Compression of Plasma to Megabar Range using Imploding Liner},
   year = {1999},
   journal = {Physical Review Letters},
   volume = {82},
   number={13}
}


@ARTICLE{Parks2008,
   author = {P.B. Parks},
   title = {On the efficacy of imploding plasma liners for magnetized fusion target compression},
   year = {2008},
   journal = {Physics of Plasmas},
   volume = {15},
}

@ARTICLE{Hsu2008,
   author = "Scott C. Hsu",
   title="Technical Summary of the {F}irst {U.S.} {P}lasma {J}et {W}orkshop",
   year = "2008",
   journal = "Journal of Fusion Energy"
}

@ARTICLE{Hakim2006,
   author = "Ammar Hakim and John Loverich and Uri Shumlak",
   title="A High Resolution Wave Propagation Scheme for Ideal Two-Fluid Plasma Equations",
   year = "2006",
   journal = "Journal of Computational Physics",
   volume="219"
}

@Article{hakim_tm_2008,
  author = 	 {Ammar H. Hakim},
  title = 	 {Extended {MHD} Modelling with the Ten-Moment Equations },
  journal = 	 {Journal of Fusion Energy},
  year = 	 {2008},
  OPTkey = 	 {},
  volume = 	 {27},
  Tnumber = 	 {1-2},
  OPTpages = 	 {},
  OPTmonth = 	 {},
  Optnote = 	 {},
  OPTannote = 	 {}
}

@ARTICLE{Loverich2005,
   author = "John Loverich and Uri Shumlak",
   title="A discontinuous Galerkin method for the full two-fluid plasma model",
   year = "2005",
   journal = "Computer Physics Communications",
   volume="169"
}


@ARTICLE{Noh1987,
   author = "W. F. Noh",
   title="Errors for calculations of strong shocks using artificial viscosity and an artificial heat flux",
   year = "1987",
   journal = "Journal of Computational Physics",
   volume="72"
}

@Book{		  Hesthaven2008,
  author	= {Jan S. Hesthaven and Tim Warburton},
  title		= {Nodal Discontinuous Galerkin Methods: Algorithms, Analysis and Applications},
  publisher	= {Springer},
  year		= {2008},
  optnote	= {}
}

@Book{		  Liu2003,
  author	= {G. R. Liu and M. B. Liu},
  title		= {Smooth Particle Hydrodynamics: a meshfree particle method},
  publisher	= {World Scientific},
  address	= {Singapore},
  year		= {2003},
  optnote	= {}
}

@Article{wira_1990,
  author = 	 {K. Wira and Z.A. Pietrzyk},
  title = 	 {Toroidal field generation and magnetic field relaxation in a conical-theta-pinch-generated configuration},
  journal = 	 {Physics of Fluids B},
  year = 	 {1990},
  OPTkey = 	 {},
  volume = 	 {2},
  number = 	 {3},
  OPTpages = 	 {},
  OPTmonth = 	 {},
  OPTnote = 	 {},
  OPTannote = 	 {}
}


@Article{milroy_1986,
  author = 	 {Richard D. Milroy and J.U Brackbill},
  title = 	 {Toroidal magnetic field generation during compact toroid formation in a field reversed theta pinch and a conical theta pinch},
  journal = 	 {Physics of Fluids},
  year = 	 {1986},
  OPTkey = 	 {},
  volume = 	 {29},
  number = 	 {4},
  OPTpages = 	 {},
  OPTmonth = 	 {},
  OPTnote = 	 {},
  OPTannote = 	 {}
}

@Article{Cramana1991,
  author = 	 {Edward J. Cramana},
  title = 	 {Derivation of Implicit Difference Schemes by the Method of Differential Approximations},
  journal = 	 {Journal of Computational Physics},
  year = 	 {1991},
  OPTkey = 	 {},
  volume = 	 {96},
  OPTnumber = 	 {},
  pages = 	 {484-493},
  OPTmonth = 	 {},
  OPTnote = 	 {},
  OPTannote = 	 {}
}



@Article{Sovinec2004,
  author = 	 {C. R. Sovinec and A. H. Glasser and T. A. Gianakon and D. C. Barnes and R. A. Nebel and S. E. Kruger and D. D. Schnack and S. J. Plimpton and A. Tarditi and M. S. Chu and the NIMROD Team},
  title = 	 {Nonlinear magnetohydrodynamic simulations using high-order finite elements},
  journal = 	 {Journal of Computational Physics},
  year = 	 {2004},
  OPTkey = 	 {},
  volume = 	 {195},
  OPTnumber = 	 {},
  pages = 	 {355-389},
  OPTmonth = 	 {},
  OPTnote = 	 {},
  OPTannote = 	 {}
}

@Article{sumlak_2003,
  author = 	 {U. Shumlak and J. Loverich},
  title = 	 {Approximate {R}iemann {S}olver for the {T}wo {F}luid {P}lasma {M}odel},
  journal = 	 {Journal of Computational Physics},
  year = 	 {2003},
  OPTkey = 	 {},
  volume = 	 {187},
  OPTnumber = 	 {},
  pages = 	 {620--638},
  OPTmonth = 	 {},
  OPTnote = 	 {},
  OPTannote = 	 {}
}

@Book{Balescue1988,
  author = 	 {Radu Balescu},
  ALTeditor = 	 {},
  title = 	 {Transport processes in plasmas},
  publisher = 	 {Elsevier Science Pub. Co.},
  year = 	 {1988},
  OPTkey = 	 {},
  volume = 	 {1},
  OPTnumber = 	 {},
  OPTseries = 	 {},
  OPTaddress = 	 {},
  OPTedition = 	 {},
  OPTmonth = 	 {},
  OPTnote = 	 {},
  OPTannote = 	 {}
}

@Book{Braginskii1965,
	Author = {S. I. Braginskii},
	Title = {Reviews of plasma physics},
	Pages = {205},
	Editor = {M. A. Leontovich},
	Publisher = {Consultants Bureau},
	Address = {New York},
	Volume = {1},
	Year = {1965}
}

@Article{ji_held_2006,
  author = 	 {Jeong-Yong Ji and Eric D. Held},
  title = 	 {Exact Linearized {C}oulomb collision operator in the moment expansion},
  journal = 	 {Physics of Plasmas},
  year = 	 {2006},
  OPTkey = 	 {},
  OPTvolume = 	 {},
  OPTnumber = 	 {},
  OPTpages = 	 {},
  OPTmonth = 	 {},
  OPTnote = 	 {},
  OPTannote = 	 {}
}

@Article{Hakim2007,
  author = 	 {A. Hakim and U. Shumlak},
  title = 	 {Two-fluid physics and field-reversed configurations},
  journal = 	 {Physics of Plasmas},
  year = 	 {2007},
  OPTkey = 	 {},
  volume = 	 {14},
  OPTnumber = 	 {},
  pages = 	 {055911},
  OPTmonth = 	 {},
  OPTnote = 	 {},
  OPTannote = 	 {}
}



@Article{Dawson1959,
  author = 	 {John M. Dawson},
  title = 	 {Plasma Oscillations of a {L}arge {N}umber of {E}lectron {B}eams},
  journal = 	 {Physical Review},
  year = 	 {1959},
  OPTkey = 	 {},
  volume = 	 {118},
  number = 	 {2},
  pages = 	 {381-389},
  OPTmonth = 	 {},
  OPTnote = 	 {},
  OPTannote = 	 {}
}

@Article{Green1973,
  author = 	 {John M. Greene},
  title = 	 {Improved {Bhatnagar-Gross-Krook} model of electron-ion collisions},
  journal = 	 {The Physics of Fluids},
  year = 	 {1973},
  OPTkey = 	 {},
  volume = 	 {16},
  number = 	 {11},
  pages = 	 {2022-2023},
  OPTmonth = 	 {},
  OPTnote = 	 {},
  OPTannote = 	 {}
}



@Article{Buneman1961,
  author = 	 {O. Buneman},
  title = 	 {{G}as {L}aw and {C}onductivity of a {C}ollision-{F}ree {P}lasma},
  journal = 	 {The Physics of Fluids},
  year = 	 {1961},
  OPTkey = 	 {},
  volume = 	 {4},
  number = 	 {6},
  pages = 	 {669-680},
  OPTmonth = 	 {},
  OPTnote = 	 {},
  OPTannote = 	 {}
}

@Book{kulikovskii_2001,
  author = 	 {Andrei G. Kulikoviskii and Nikolai V. Pogorelov and Andrei Yu. Semenov},
  ALTeditor = 	 {},
  title = 	 {Mathematical Aspects of Numerical Solutions of Hyperbolic Systems},
  publisher = 	 {Chapman and Hall/CRC},
  year = 	 {2001},
  OPTkey = 	 {},
  OPTvolume = 	 {},
  OPTnumber = 	 {},
  OPTseries = 	 {},
  OPTaddress = 	 {},
  OPTedition = 	 {},
  OPTmonth = 	 {},
  OPTnote = 	 {},
  OPTannote = 	 {}
}

@Article{munz_2000,
  author = 	 {C.-D Munz and P. Omnes and R. Schneider and E. Sonnendr{\"{u}}ker and U. Vo\ss},
  title = 	 {Divergence Correction Techniques for {M}axwell Solvers Based n a Hyperbolic Model},
  journal = 	 {Journal of Computational Physics},
  year = 	 {2000},
  OPTkey = 	 {},
  volume = 	 {161},
  OPTnumber = 	 {},
  pages = 	 {484--511},
  OPTmonth = 	 {},
  OPTnote = 	 {},
  OPTannote = 	 {}
}

@Article{munz_2000b,
  author = 	 {C.-D Munz and P. Omnes and R. Schneider},
  title = 	 {A three-dimensional finite-volume solver for the {M}axwell equations with divergence cleaning on unstructured meshes},
  journal = 	 {Computer Physics Communications},
  year = 	 {2000},
  OPTkey = 	 {},
  volume = 	 {130},
  OPTnumber = 	 {},
  pages = 	 {83--117},
  OPTmonth = 	 {},
  OPTnote = 	 {},
  OPTannote = 	 {}
}

@Article{munz_2000c,
  author = 	 {C.-D Munz and U. Vo\ss},
  title = 	 {A Finite-Volume Method for the {M}axwell Equations in the Time Domain},
  journal = 	 {SIAM Journal of Scientific Computing},
  year = 	 {2000},
  OPTkey = 	 {},
  volume = 	 {22},
  number = 	 {2},
  pages = 	 {449--475},
  OPTmonth = 	 {},
  OPTnote = 	 {},
  OPTannote = 	 {}
}