
@article{Arnold:2002wu,
author = {Arnold, D N and Brezzi, F and Cockburn, B and Marini, L D},
title = {{Unified analysis of discontinuous Galerkin methods for elliptic problems}},
journal = {SIAM Journal on Numerical Analysis},
year = {2002},
pages = {1749--1779}
}

@Book{leveque_book_2002,
  author = 	 {Randall J. LeVeque},
  ALTeditor = 	 {},
  title = 	 {Finite Volume Methods For Hyperbolic Problems},
  publisher = 	 {Cambridge University Press},
  year = 	 {2002},
  OPTkey = 	 {},
  OPTvolume = 	 {},
  OPTnumber = 	 {},
  OPTseries = 	 {},
  OPTaddress = 	 {},
  OPTedition = 	 {},
  OPTmonth = 	 {},
  OPTnote = 	 {},
  OPTannote = 	 {}
}

@article{Cockburn:2001vr,
author = {Cockburn, B and Shu, C W},
title = {{Runge--Kutta discontinuous Galerkin methods for convection-dominated problems}},
journal = {Journal of Scientific Computing},
year = {2001},
volume = {16},
number = {3},
pages = {173--261}
}

@TechReport{reed-hill-1973,
  author = 	 {W.H.~Reed and T.R.~Hill},
  title = 	 {Triangular mesh methods for the neutron transport equation},
  institution =  {Los Alamos Scientific Laboratory},
  year = 	 {1973},
  OPTkey = 	 {},
  OPTtype = 	 {},
  number = 	 {LA-UR-73-479},
  OPTaddress = 	 {},
  OPTmonth = 	 {},
  OPTnote = 	 {},
  OPTannote = 	 {}
}


