@STRING{cpc = "Comp. Phys. Comm." }
@STRING{jcp = "J. Comp. Phys." }
@STRING{jpp = "J. Plasma Physics" }
@STRING{nf  = "Nucl. Fusion" }
@STRING{ppcf    = "Plasma Phys. Controlled Fusion" }
@STRING{pf  = "Phys. Fluids" }
@STRING{pfb = "Phys. Fluids B" }
@STRING{pp  = "Phys. Plasmas" }
@STRING{ppcf    = "Plasma Phys. Controlled Fusion" }
@STRING{prl = "Phys. Rev. Letters" }
@STRING{rsi = "Rev. Sci. Instrum." }
@STRING{jgr = "J. Geophys. Res." }

@article{Brizard:2007fs,
author = {Brizard, A and Hahm, T},
title = {{Foundations of nonlinear gyrokinetic theory}},
journal = {Reviews of Modern Physics},
year = {2007},
volume = {79},
number = {2},
pages = {421--468},
month = apr
}

@ARTICLE{Geddes04,
   author = "C. G. R. Geddess and Cs. Toth and J. van Tilborg and E. Esarey and
    C. B. Schroeder and D. Bruhwiler and C. Nieter and J. Cary and
    W. P. Leemans",
   year = "2004",
   journal = "Nature",
   volume = "431",
   pages = "538"
}

@Book{        fletcher91,
  author    = {C. A. J. Fletcher},
  title     = {Computational Techniques for Fluid Dynamics},
  publisher = {Springer-Verlag},
  address   = {Berlin Heidelberg},
  year      = {1991},
  optnote   = {}
}

@Book{        jardin2010,
  author    = {S. C. Jardin},
  title     = {Computational Methods in Plasma Physics},
  publisher = {Taylor and Francis},
  address   = {Boca Raton, FL},
  year      = {2010},
  optnote   = {}
}

@Article{     gianakon02,
  author    = "T. A. Gianakon and S. E. Kruger and C. C. Hegna",
  title     = "",
  journal   = pp,
  year      = "2002",
  volume    = "9",
  pages     = "536",
  note      = ""
}

@ARTICLE{Nieter04,
   author = "C. Nieter and J. R. Cary",
   journal = "J. Comp.\ Phys.",
   year = "2004",
   volume = "196",
   pages = "448"
}

@Article{     waelbroeck03,
  author    = "F. L. Waelbroeck",
  title     = "",
  journal   = 10,
  year      = "2003",
  volume    = "10",
  pages     = "4040",
  note      = ""
}

@Article{     waelbroeck97,
  author    = "F. L. Waelbroeck and R. Fitzpatrick",
  title     = {Rotation and locking of magnetic islands},
  journal   = prl,
  year      = "1997",
  volume    = "78",
  pages     = "1703",
  note      = ""
}


@Article{     sovinec04,
  author    = "C. R. Sovinec and A. H. Glasser and T. A. Gianakon and D. C.
          Barnes and R. A. Nevel and S. E. Kruger and S. J. Plimpton and
          A. Tarditi and M. S. Chu and the NIMROD Team",
  title     = "Nonlinear Magnetohydrodynamics with High-order Finite
          Elements",
  journal   = jcp,
  year      = "2004",
  volume    = "195",
  pages     = "355",
  note      = ""
}


@Article{     fu95,
  author    = "G. Y. Fu and W. Park",
  title     = "",
  journal   = prl,
  year      = "1995",
  volume    = "74",
  pages     = "1594",
  note      = ""
}

@Article{     coppi76,
  author    = "B. Coppi and et.al.",
  title     = "Resistive internal kink modes",
  journal   = "Sov. J. Plasma Phys.",
  year      = "1976",
  volume    = "2",
  pages     = "533",
  note      = ""
}

@Article{     park87,
  author    = "W. Park and D. A. Monticello and T.K. Chu",
  title     = "",
  journal   = pf,
  year      = "1987",
  volume    = "30",
  pages     = "285",
  note      = ""
}

@Article{     park90,
  author    = "W. Park and D. A. Monticello",
  title     = "Sawtooth oscillations in tokamaks",
  journal   = nf,
  year      = "1990",
  volume    = "30",
  pages     = "2413",
  note      = ""
}

@Article{     park92,
  author    = "W. Park and S. E. Parker and H. Biglari and M. Chance and
          L. Chen and C. Z. Cheng and T. S. Hahm and W. W. Lee and R.
          Kulsrud and D. Monticello and L. Sugiyama and R. White",
  title     = "Three-dimensional hybrid gyrokinetic-magnetohydrodynamics
          simulation",
  journal   = pfb,
  year      = "1992",
  volume    = "4",
  pages     = "2033",
  note      = ""
}

@Article{         parker93,
  author        = "S. E. Parker and W. W. Lee",
  title         = "A fully nonlinear characteristic method for gyrokinetic
                  simulations",
  journal       = pfb,
  year          = "1993",
  volume        = "5",
  pages         = "77",
  note          = ""
}

@Article{         fivaz98,
  author        = "M. Fivaz and S. Brunner and G. de Ridder and O. Sauter and T. M. Tran
            and J. Vaclavik and L. Villard and K. Appert",
  title         = "Finite element approach to global gyrokinetic PIC simulations using
                  magnetic coordinates",
  journal       = cpc,
  year          = "1998",
  volume        = "111",
  pages         = "27",
  note          = ""
}

@Article{         kim04,
  author        = "C. C. Kim and C. R. Sovinec and S. E. Parker",
  title         = "Hybrid kinetic-MHD simulations in general geometry",
  journal       = cpc,
  year          = "2004",
  volume        = "164",
  pages         = "448",
  note          = ""
}

@Article{         cheng90,
  author        = "C. Z. Cheng",
  title         = "Energetic particle effects on global MHD modes",
  journal       = pfb,
  year          = "1990",
  volume        = "2",
  pages         = "1427",
  note          = ""
}

@Article{     park95,
  author    = "W. Park and E. Fredrickson and A. Janos and J. Manickam
          and W.M. Tang",
  title     = "",
  journal   = prl,
  year      = "1995",
  volume    = "75",
  pages     = "1763",
  note      = ""
}

@Article{     park99,
  author    = "W. Park and E. V. Belova and G. Y. Fu and X. Z. Tang and H. R.
          Strauss and L. E. Sugiyama",
  title     = "Plasma simulation studies using multilevel physics model",
  journal   = pp,
  year      = "1999",
  volume    = "6",
  pages     = "1796",
  note      = "M3D paper"
}

@Article{     rosenbluth73,
  author    = "M. N. Rosenbluth and R. Y. Dagazian and P. H. Rutherford",
  title     = "",
  journal   = pf,
  year      = "1973",
  volume    = "16",
  pages     = "1894",
  note      = ""
}

@Article{     rutherford73,
  author    = "P. H. Rutherford",
  title     = "",
  journal   = pf,
  year      = "1973",
  volume    = "16",
  pages     = "1903",
  note      = ""
}
@Article{     yu00,
  author    = "Q. Yu and S. Gunter and G. Giruzzi and K. Lackner and M.  Zabiego",
  title     = "Modeling of the stabilization of neoclassical tearing
      modes by localized radio frequency current drive",
  journal   = pp,
  year      = "2000",
  volume    = "7",
  pages     = "312"
}
@Article{     gianakon01,
  author    = "T. A. Gianakon",
  title     = "",
  journal   = pp,
  year      = "2001",
  volume    = "8",
  pages     = "4105",
  note      = ""
}
@Article{     sovinec96,
  author    = "C. R. Sovinec and S. C. Prager",
  title = "Magnetohydrodynamic simulations of direct current helicity injection for current drive in tokamaks",
  journal   = pp,
  year  = "1996",
  volume    = "3",
  pages = "1038",
  note  = ""
}
@Article{     sovinec01,
  author    = "C. R. Sovinec and J. M. Finn and D. del-Castillo-Negrete",
  title     = "Formation and sustainment of electrostatically driven
          spheromaks in the resistive magnetohydrodynamic model",
  journal   = pp,
  year      = "2001",
  volume    = "8",
  pages     = "475",
  note      = ""
}

@Article{     sovinec05,
  author    = "C. R. Sovinec and B. I. Cohen and G. A. Cone and E. B. Hooper and
      H. S. McLean",
  title     = "Numerical Investigation of Transients in the SSPX
      Spheromak",
  journal   = prl,
  year      = "2005",
  volume    = "94",
  pages     = "35003",
  note      = ""
}

@Article{     cohen03,
  author    = "R. H. Cohen and H. L. Berk and B. I. Cohen and T. K. Fowler and
      E. B. Hooper and L. L. Lodestro and E. C. Morse and L. D. Pearlstein
      and T. D. Rognlien and D. D. Ryutov and C. R. Sovinec and S. Woodruff",
  title = "Theoretical investigation of field-line quality in a driven spheromak",
  journal   = nf,
  year  = "2003",
  volume    = "43",
  pages = "1220",
  note  = ""
}

@Article{     cohen05,
  author    = "B. I. Cohen and E. B. Hooper and R. H. Cohen and D. N. Hill and
      H. S. McLean and R. D. Wood and S. Woodruff and C. R. Sovinec and G. A.  Cone",
  title = "Simulation of Spheroamk Evolution and Energy Confinement",
  journal   = "accepted for publication in Physics of Plasmas",
  year      = "",
  volume    = "",
  pages     = "",
  note      = ""
}
@Article{     hooper05,
  author    = "E. B. Hooper and T. A. Kopriva and B. I. Cohen and D. N. Hill and
      H. S. McLean and R. D. Wood and S. Woodruff and C. R. Sovinec",
  title = "A Magnetic Reconnection Event in a Driven Spheromak",
  journal   = "submitted for publication in Physics of Plasmas",
  year      = " ",
  volume    = "",
  pages     = "",
  note      = ""
}
@article{snyder05,
   author = {P. B. Snyder and H. R. Wilson and X. Q. Xu},
   title = {Progress in the peeling-ballooning model of edge localized modes: Numerical studies of nonlinear dynamics},
   publisher = {AIP},
   year = {2005},
   journal = {Physics of Plasmas},
   volume = {12},
   number = {5},
   eid = {056115},
   numpages = {7},
   pages = {056115},
   keywords = {ballooning instability; plasma boundary layers; plasma nonlinear processes; plasma simulation; filamentation instability; plasma transport processes; plasma-wall interactions},
   url = {http://link.aip.org/link/?PHP/12/056115/1}
}


@Article{     ebrahimi03,
  author    = "F. Ebrahimi and S. C. Prager and J. S. Sarff and J. C.  Wright",
  title = "The three-dimensional magnetohydrodynamics of ac helicity
      injection in the reversed field pinch",
  journal   = pp,
  year      = "2003",
  volume    = "10",
  pages     = "999",
  note      = ""
}
@Article{     finn00,
  author    = "J. M. Finn and C. R. Sovinec and D. del-Castillo-Negrete",
  title     = "Chaotic Scattering and Self-organization in Spheromak
      Sustainment",
  journal   = prl,
  year      = "2000",
  volume    = "85",
  pages     = "4538",
  note      = ""
}
@Article{     kruger05,
  author    = "S. E. Kruger and D. D. Schnack and C. R. Sovinec",
  title     = "Dynamics of a Major Disruption of a DIII-D Plasma",
  journal   = "accepted for publication in Physics of Plasmas",
  year      = "",
  volume    = "",
  pages     = "",
  note      = ""
}
@Article{     hammett90,
  author    = "G. W. Hammett and F. W. Perkins",
  title     = "",
  journal   = prl,
  year      = "1990",
  volume    = "64",
  pages     = "3019",
  note      = ""
}
@Article{     hedrick92,
  author    = "C. L. Hedrick and J.-N. Leboeuf",
  title     = "Landau fluid equations for electromagnetic and
          electrostatic fluctuations",
  journal   = pfb,
  year      = "1992",
  volume    = "4",
  pages     = "3915",
  note      = ""
}

@Article{     snyder97,
  author    = "P. B. Snyder and G. W. Hammett and W. Dorland",
  title     = "Landau fluid models of collisionless magnetohydrodynamics",
  journal   = pp,
  year      = "1997",
  volume    = "4",
  pages     = "3974",
  note      = ""
}

@Article{     hirshmansigmar81,
  author    = "S. P. Hirshman and D. J. Sigmar",
  title     = "Neoclassical transport of impurities in tokamak plasmas",
  journal   = nf,
  year      = "1981",
  volume    = "21",
  pages     = "1079",
  note      = ""
}
@Article{     hintonhazeltine76,
  author    = "F. L. Hinton and R. D. Hazeltine",
  title     = "",
  journal   = "Reviews of Modern Physics",
  year      = "1976",
  volume    = "48",
  pages     = "239",
  note      = ""
}



@Article{Rasmussen:2005:BLG,
  author = {Craig E Rasmussen and Matthew J. Sottile and Sameer Shende
            and Allen D. Malony},
  title = {Bridging the Language Gap in Scientific Computing:
           The {C}hasm Approach},
  journal = {Concurrency and Computation: Practice and Experience},
  year = {2005},
  note = {to appear},
  keywords = {CCA, CCTTSS, LANL, University of Oregon}
}


@Article{sottile:thesis,
  author = {Matthew J. Sottile},
  title = {The Design of a General Method for Constructing Coupled
           Scientific Simulations},
  journal = {Masters Thesis, Department of Computer and Information Science,
             University of Oregon},
  year = {2001}
}


@InProceedings{Rickett:2004:RPF,
  author = {Christopher D. Rickett and Sung-Eun Choi
            and Craig E Rasmussen and Matthew J. Sottile},
  title = {Rapid Prototyping Frameworks for Developing Scientific Applications:
           {A} Case Study},
  booktitle = {Proceedings of the Los Alamos Computer Science Institute
               (LACSI) Symposium (CDROM)},
  year = {2004},
  month = {October},
  address = {Santa Fe, NM},
  keywords = {CCA, CCTTSS, South Dakota School of Mines, LANL}
}

@manual{tauguide,
  Author = "Department of Computer and Information Science,
        University of Oregon and
        Los Alamos National Laboratory and
        Research Centre Julich,ZAM, Germany",
  Title = "{TAU User's Guide} (Version 2.13)",
  Year = "2004"
}

@Article{Malony:2004:PTP,
  author = {A. Malony and S. Shende and N. Trebon and J. Ray and R. Armstrong
            and C. Rasmussen and M. Sottile},
  title = {Performance Technology for Parallel and Distributed
           Component Software},
  journal = {Concurrency and Computation: Practice and Experience, Wiley},
  year = {2004},
  keywords = {CCA, CCTTSS, University of Oregon, SNL, LANL}
}

@inproceedings{Sameer03,
   author = {Sameer Shende and Allen D. Malony and
             Craig Rasmussen and Matthew Sottile},
   title = {A Performance Interface for Component-Based Applications},
   organization = {International Workshop on Performance Modeling, Evaluation,
                  and Optimization of Parallel and Distributed Systems
                  (PMEO-PDS'03)},
   location = {Nice, France},
   month = {April},
   year = {2003},
}

@InProceedings{Rasmussen:2001:Chasm,
  author = {Craig E Rasmussen and Kathleen A. Lindlan and Bernd Mohr
            and Jorg Striegnitz},
  title = {CHASM: Static Analysis and Automatic Code Generation for
           Improved Fortran 90 and C++ Interoperability},
  booktitle = {Proceedings of the Los Alamos Computer Science Institute
               (LACSI) Symposium (CDROM)},
  year = {2001},
  month = {October},
  address = {Santa Fe, NM}
}

@Unpublished{chasm:web,
  author = "{Chasm Language Interoperability Tools}",
  note   = "{\url{http://sourceforge.net/projects/chasm-interop.}}"
}

@Unpublished{twentyyrplan,
  author = {Department of Energy},
  title  = {Facilities for the Future of Science: A Twenty-Year Outlook},
  year   = {2004},
  note = "\url{http://www.sc.doe.gov/sub/Mission/Mission_Strategic.htm}"
}

@Unpublished{F2003:web,
  author = "{Fortran 2003 Final Committee Draft, J3/03-007R2}",
  note = {\url{http://www.j3-fortran.org}}
}

@Unpublished{Rasmussen:CCA:ESMF:2003,
  author = {Craig E Rasmussen},
  title = "{Earth System Modeling Framework and the Common Component
            Architecture: A Perfect Marriage?}",
  organization = {2003 Community Climate System Model (CCSM) Workshop},
  location = {Breckenridge, CO},
  month = jun,
  year = {2003}
}

@inproceedings{johnson00,
   author = {C. R. Johnson and S. Parker and D. Weinstein},
   title = {Large-Scale Computational Science Applications Using the SCIRun Problem Solving Environment},
   organization = {International Supercomputer Conference 2000},
   location = {Dallas, Texas},
   month = {November},
   year = {2000},
}

@Article{     held01,
  author    = "E. D. Held and J. D. Callen and C. C. Hegna and C. R. Sovinec",
  title     = "Conductive electron heat flow along magnetic field lines",
  journal   = pp,
  year      = "2001",
  volume    = "8",
  pages     = "1171",
  note      = ""
}

@Article{         heldq03,
  author        = "E. D. Held and J. D. Callen and C. C. Hegna",
  title         = "Conductive Electron Heat Flow along an Inhomogeneous Magnetic Field",
  journal       = pp,
  year          = "2003",
  volume        = "10",
  pages         = "3933",
  note          = ""
}

@Article{         held03,
  author        = "E. D. Held",
  title         = "Unified Form for Parallel Ion Viscous Stress in Magnetized Plasmas",
  journal       = pp,
  year          = "2003",
  volume        = "10",
  pages         = "4708",
  note          = ""
}

@Article{         held04,
  author        = "E. D. Held and others",
  title         = "Nonlocal Closures for Plasma Fluid Simulations",
  journal       = pp,
  year          = "2004",
  volume        = "11",
  pages         = "2419",
  note          = ""
}

@ARTICLE{ylin:pci,
  author =      {Y. Lin and S. J. Wukitch and
                  A. Parisot and J. C. Wright and N. Basse and
                  P. Bonoli and E. Edlund and L. Lin and M. Porkolab and
                  S. Wolfe and G. Schilling and P. Phillips},
  title =       {Ion Cyclotron Range of Frequencies Wave Phenomena in
                  the Mode Conversion Region in Alcator C-Mod},
  journal =     ppcf,
  volume =      "-1",
  number =      "-1",
  pages =       0,
  year =        2005,
  note =        {Submitted March 2005. Application of TORIC
                  synthetic PCI to Alcator C-Mod}
}

@Article{toric:ibw,
  author =   {Marco Brambilla},
  title =    {Electron Landau damping of ion Bernstein waves in
                  tokamak plasmas},
  journal =      nf,
  year =     1998,
  volume =   38,
  number =   12,
  pages =    {1805-1817},
  annote =   {Refinement of IBW model in TORIC}
}

@InProceedings{wright:icnsp03,
  author =   {J. C. Wright and  P. T. Bonoli and E. D\' Azevedo and
                  M. Brambilla},
  title =    {Ultrahigh Resolution Simulations of Mode Converted
                  Ion Cyclotron Waves and Lower Hybrid Waves},
  booktitle =    {The 18th International Conference on Numerical
                  Simulation of Plasmas September  7-10, 2003,
                  CapeCod, Falmouth, Massachusetts, USA},
  year =     2003,
  publisher =    cpc,
  annote =   {Parallel Toric}
}


@article{ choi96design,
    author = "Jaeyoung Choi and J. J. Dongarra and L. S. Ostrouchov
                  and A. P. Petitet and D. W. Walker and
                  R. C. Whaley",
    title = "Design and implementation of the {ScaLAPACK {LU}}, {QR},
                  and {Cholesky} factorization routines",
    journal = "Scientific Programming",
    volume = "5",
    number = "3",
    month = "Fall",
    pages = "173--184",
    year = "1996"
}

@Article{brambilla:toric,
  author =   {Marco Brambilla},
  title =    "Numerical simulation of ion cyclotron waves in
                  tokamak plasmas",
  journal =      ppcf,
  year =     1999,
  volume =   41,
  pages =    {1-34},
  month =    jan,
  annote =   {Reference for the {\texttt{TORIC}} code.}
}

@Article{wright:nf2,
  author =   {J.~C.~Wright and L.~A.~Berry and P.~T.~Bonoli,
                  D.~B.~Batchelor and E.~F.~Jaeger and M.~D.~Carter,
                  E.~D'Azevedo and C.~K.~Phillips and H.~Okuda,
                  R.~W.~Harvey and D.~N.~Smithe and J.~R.~Myra,
                  D.~A.~D'Ippolito and M.~Brambilla and R.~J.~Dumont},
  title =    "Nonthermal Particle and Full-Wave Diffraction
                  Effects on Heating and Current Drive in the ICRF and
                  LHRF Regimes",
  month =    may,
  journal =      nf,
  Number =   5,
  Volume =   45,
  year =     2005,
  note =     {IAEA-Vilamoura 2004 paper to be published.},
  annote =       {IAEA2004 paper}
}

@Misc{bonoli:aps04,
  author =   {P.~.T.~Bonoli},
  title =    {Full-wave Electromagnetic Field Simulations in the
                  Lower Hybrid Range of Frequencies},
  howpublished = {Invited talk},
  month =    nov,
  year =     2004,
  Note =         {$46^\mathrm{th}$ Annual Meeting of the Division of Plasma Physics}
}

@Article{barbato:lhreview,
  author =   {G. Barbato},
  title =    {Recent progress in lower hybrid current drive theory
                  and experiments},
  journal =      ppcf,
  year =     1998,
  volume =   40,
  pages =    {A63},
  annote =   {Refers to spectral gap, and fusion level performance
                  in experiments.}
}

@Article{iter:ipb,
  Author =      "{ITER Physics Expert Group on Energetic Particles,
                  Heating and Current Drive and ITER Physics Basis Editors}",
  Title =       {Chapter 6: Plasma auxiliary heating and current drive},
  Journal =      nf,
  Year =         1999,
  Keywords=      {iter},
  Volume =       39,
  Number =       12,
  Month =        dec,
  Pages =        {2495-2540},
  X-Comment =    {In depth analysis of CD and heating on ITER}
}

@Article{wright:fwmc,
  author =   {J.~C.~Wright and P.~T.~Bonoli and M.~Brambilla and
                  F.~Meo and E.~D\'{}Azevedo and D.~B.~Batchelor and
                  E.~F.~Jaeger and L.~A.~Berry and C.~K.~Phillips and
                  A.~Pletzer
                  },
  title =    {Calculations of fast wave mode conversion and lower
                  hybrid propagation in tokamaks},
  journal = {Phys. Plasmas},
  year =     2004,
  volume =   11,
  number =   5,
  month =    may,
  note =         {Invited paper at DPP-APS 2004}
}


@inproceedings{bonoli:IAEA2000,
    Year = {2000},
    Title = {Numerical Modelling of ICRF Physics Experiments in the
    Alcator C-Mod Tokamak},
    Address = {Vienna},
    Pages = {ITERP/07},
    Booktitle = {Proc. 18th Int. Conf. on Fusion Energy (Sorrento, 2000)},
    Publisher = {IAEA, Vienna},
    Author = {P. T. Bonoli and others}
}

@inproceedings{ongena:transp,
    Author = {J. Ongena and M. Evrard and D. McCune},
    Title = "Numerical Transport Codes",
    Address = {Belgium},
    Booktitle = {Proceedings of the Third Carolus Magnus Summer School on Plasma Physics},
    Publisher = {Transactions of Fusion Technology},
    Volume = {33},
    Year = {1997},
    Pages = {181-191},
    Number = {2T}
}

@inproceedings{hawryluk:transp,
        Author = {R. Hawryluk},
    Year = {1979},
    Title = {An Empirical Approach to Tokamak Transport},
    Address = {Varenna},
    Pages = {61},
    Booktitle = {Physics of Plasma Close to Thermonuclear Conditions},
    Volume = {I},
    Publisher = {Commission of the European Communities, Brussels}}

@InProceedings{Norris:2004:CQS,
  author =       {B. Norris and J. Ray and R. Armstrong and
                  L. C. McInnes and D. E. Bernholdt and W.
                  R. Elwasif and A. D. Malony and S. Shende},
  title =        {Computational Quality of Service for Scientific Components},
  year =         2004,
  booktitle =    {Proc. of International Symposium on Component-Based Software
                  Engineering (CBSE7), Edinburgh, Scotland}
}

@InProceedings{Armstrong:1999:HPDC,
  author =       "R. Armstrong and D. Gannon and A. Geist and
                  K. Keahey and S. Kohn and L. McInnes and
                  S. Parker and B. Smolinski",
  title =        "Toward a {C}ommon {C}omponent {A}rchitecture for
                  High-Performance Scientific Computing",
  booktitle =    "Proceedings of the Eighth IEEE International
                  Symposium on High Performance Distributed Computing",
  year =         1999,
}

@misc{Bernholdt:submitted:CAH,
 author = {David E. Bernholdt and Benjamin A. Allan and Robert Armstrong
                  and Felipe Bertrand and Kenneth Chiu and Tamara
                  L. Dahlgren and Kostadin Damevski and Wael
                  R. Elwasif and Thomas G. W. Epperly and Madhusudhan
                  Govindaraju and Daniel S. Katz and James A. Kohl and
                  Manoj Krishnan and Gary Kumfert and J. Walter Larson
                  and Sophia Lefantzi and Michael J. Lewis and Allen
                  D. Malony and Lois C. McInnes and Jarek Nieplocha
                  and Boyana Norris and Steven G. Parker and Jaideep
                  Ray and Sameer Shende and Theresa L. Windus and
                  Shujia Zhou},
  title =    {A Component Architecture for High-Performance
                  Scientific Computing},
  note  =    {submitted to {\em Intl. J. High-Perf. Computing Appl.}},
  year =     2004,
}

@article{norris02,
    title = "Parallel Components for {PDEs} and Optimization: Some Issues
             and Experiences",
    author = "B. Norris and S. Balay and S. Benson and L. Freitag and P.
             Hovland and L. McInnes and B. Smith",
    journal= "Parallel Computing",
    year   = 2002,
    pages="1811--1831",
    volume=28,
    number=12
}

@article{allan01,
  author  = "B. A. Allan and R. C. Armstrong and A. P. Wolfe
             and J. Ray and D. E. Bernholdt and J. A. Kohl",
  title   = "The {CCA} Core Specification in a Distributed Memory {SPMD} Framework",
  journal = "Concurrency and Computation: Practice and Experience",
  volume=14,
  number=5,
  year=2002,
  pages="1--23"
}

@article{hill2004,
  author = "C. Hill and C. DeLuca and V. Balaji and M. Suarez and A. da Silva",
  title = "The Architecture of the Earth System Modeling Framework",
  journal = "Computing in Science and Engineering",
  volume=6,
  number=1,
  year=2004
}

@article{collins2005,
  author="W. D. Collins and M. Blackmon and C. Bitz and G. Bonan and
     C. Bretherton and J. A. Carton and P. Chang and S. Doney and J. J. Hack
     and J. T. Kiehl and T. Henderson and W. G. Large and D. McKenna and
     B. D. Santner and R. D. Smith",
 title = "The {C}ommunity {C}limate {S}ystem {M}odel: CCSM3",
  journal="{\em submitted to speciall CCSM3 issue of } J. Climate",
  year=2005,
  pages=""
  }

@InProceedings{qos03,
  author =   {P. Hovland and K. Keahey and L. C. McInnes and B. Norris and
                  L. F. Diachin and P. Raghavan},
  title =    {A Quality of Service Approach for High-Performance Numerical Components},
  booktitle =    {Proceedings of Workshop on {QoS} in Component-Based Software
                  Engineering, Software Technologies Conference},
  year =     2003,
  address =      {Toulouse, France},
  month =    jun,
}

@TechReport{norris05,
  author =   {B. Norris  and I. Veljkovic},
  title =    {Performance Monitoring and Analysis Components in Adaptive {PDE}-Based Simulations},
  institution =  {Argonne National Laboratory},
  year =     {2005},
  number =   {ANL/MCS-P1221-0105},
  month =    {Jan}
}

@Article{gkmt00,
 Author  =  "William D. Gropp and David E. Keyes and Lois Curfman McInnes and M. D. Tidriri",
 Title  =  "Globalized {N}ewton-{K}rylov-{S}chwarz Algorithms and Software for Parallel Implicit {CFD}",
 journal  =  "Int. J. High Performance Computing Applications",
 year  =  2000,
 volume  =  14,
 howpublished  = "\url{ftp://info.mcs.anl.gov/pub/tech_reports/reports/P788.ps.Z}",
 pages  =  "102-136",
}

@INPROCEEDINGS{AGKKS-SC99,
        AUTHOR = "W. K. Anderson and W. D. Gropp and D. K. Kaushik and
                  D. E. Keyes and B. F. Smith",
        TITLE = "Achieving High Sustained Performance in an
                 Unstructured Mesh {CFD} Application",
        BOOKTITLE = "Proceedings of Supercomputing 1999",
        EDITOR = "",
        PUBLISHER = "IEEE Computer Society",
    LOCATION = "Los Alamitos",
        NOTE = "{G}ordon {B}ell {P}rize {A}ward Paper in {S}pecial {C}ategory",
        YEAR = "1999"
}

@article{scholz03,
  author  =  { W. Scholz and J. Fidler and T. Schrefl and D. Suess and R. Dittrich and
               H. Forster and V. Tsiantos},
 title  =  "Scalable Parallel Micromagnetic Solvers for Magnetic Nanostructures",
 journal  =  "Comp. Mat. Sci",
 year  =  2003,
 pages  =  "366--383",
 volume  =  28,
 howpublished  =  "\url{http://magnet.atp.tuwien.ac.at/scholz/projects/papers/preprint/scholz/cms03/magpar.pdf}"
}

@article{GT2004,
 author  =  "A. H. Glasser and X. Z. Tang",
 title  =  "The {SEL} macroscopic modeling code",
 year  =  "2004",
 journal  =  "Computer Physics Communications",
 pages  =  "237--243",
 volume  =  "164"
}

@Article{Adams-00a,
 author  =  {Mark F. Adams},
 title  =  {Parallel Multigrid Solvers for 3D Unstructured Finite Element Problems in
            Large Deformation Elasticity and Plasticity},
 journal  =  {International Journal for Numerical Methods in Engineering},
 year  =  {2000},
 volume  =  {48},
 number  =  {8},
 pages  =  {1241-1262},
 howpublished  =  "\url{http://www.cs.berkeley.edu/~madams/NMEMFA.ps}",
}

@InProceedings{Larson:2004:CCO,
  author =   {J. W. Larson and B. Norris and E.
                  T. Ong and D. E. Bernholdt and J. B. Drake and
                  W. R. Elwasif and M. W. Ham and C.
                  E. Rasmussen and G. Kumfert and D. S. Katz and
                  S. Zhou and C. DeLuca and N. S. Collins},
  title =    {Components, the {Common Component Architecture}, and
                  the Climate/Weather/Ocean Community},
  booktitle =    {84th American Meteorological Society Annual Meeting},
  year =     2004,
  address =  {Seattle, Washington},
  month =    {11--15 January},
  organization = {American Meteorological Society}
}

@techreport{Bertrand05,
  author = "F. Bertrand and R. Bramley and K. Damevski and J. Kohl and
              J. Larson and A. Sussman",
  title = "{MxN} Interactions in Parallel Component Architectures",
  institution = "Department of Computer Science, Indiana University, Bloomington",
  number = "TR604",
  keyword = {MxN, Indiana University},
  year = 2004,
  note = "Accepted by the International Parallel and Distributed Processing
         Symposium, Denver, CO, April 4-8, 2005"
  }

@InProceedings{babel-divorce,
  author =   {Kohn, Scott and Kumfert, Gary and Painter, Jeff and Ribbens, Cal},
  title =    {Divorcing Language Dependencies from a Scientific Software Library},
  booktitle =    {10th {SIAM} Conference on Parallel Processing},
  year =     {2001},
  address =      {Portsmouth, VA},
  month =    {March}
}

@article{craig:05,
  author="Anthony P. Craig and Brian Kaufmann and Robert Jacob and Tom Bettge
     and Jay Larson and Everest Ong and Chris Ding and Helen He",
  title="cpl6: The New Extensible High-Performance Parallel Coupler
  for the Community Climate System Model",
  journal="Int. J. High Perf. Comp. App.",
  year=2005,
  pages="308--327"
  }

@article{jacob:05,
  author="Robert Jacob and Jay Larson and Everest Ong",
  title="MxN Communication and Parallel Interpolation in CCSM3 Using
  the Model Coupling Tookit",
  journal="Int. J. High Perf. Comp. App.",
  year=2005,
  pages="293--307"
  }

@article{larson:05,
  author="Jay Larson and Robert Jacob and Everest Ong",
  title="The Model Coupling Toolkit: A New Fortran90 Toolkit for
  Building Multi-Physics Parallel Coupled Models",
  journal="Int. J. High Perf. Comp. App.",
  year=2005,
  pages="277--292"
  }

@inproceedings{tstt,
 author="D. Brown and L. Freitag and J. Glimm",
 title = "The Terascale Simulation Tools and Technologies Center",
 booktitle="Proc. 8th Int. Conf. on Num. Grid Generation in Comp. Field Sim.",
 month=jun,
 year=2002
}

@inproceedings{msq,
 author= "M. Brewer and L. Diachin and P. Knupp and T. Leurent and D. Melander",
 title = "The Mesquite Mesh Quality Improvement Toolkit",
 booktitle="Proceedings of the 12th International Meshing Roundtable",
 pages="239-250",
 year=2003
}



@article{bhowmick03,
   author    = {S. Bhowmick and L. C. McInnes and  B. Norris and P. Raghavan},
   title     = {The role of Multi-method Linear Solvers in {PDE}-based Simulations},
   journal  = {Lecture Notes in Computer Science, Computational Science and its Applications-ICCSA 2003},
   editor={P. M. A. Sloot and C.J. K. Tan and J. J. Dongarra and A. G. Hoekstra},
   publisher={Springer Verlag},
   volume={2667},
   year      = {2003},
   pages     = {828-839}
 }

@article{mcinnes03,
   author    = {L. McInnes and B. Norris and S. Bhowmick and  P. Raghavan},
   title     = {Adaptive Sparse Linear Solvers for Implicit {CFD} Using {Newton-Krylov} Algorithms},
   journal   = {Proceedings of the
Second MIT Conference on Computational Fluid and Solid Mechanics},
   year      = {June 17-20,2003},
   address = {Boston, USA},
   institute = {Massachusetts Institute of Technology}
   }

@InProceedings{balay97,
  author    = "S. Balay and W. D. Gropp and L. C. McInnes and B. F. Smith",
  title     = "Efficient Management of Parallelism in
               Object Oriented Numerical Software Libraries",
  booktitle = "Modern Software Tools in Scientific Computing",
  editor    = "E. Arge and A. M. Bruaset and H. P. Langtangen",
  publisher = "Birkhauser Press",
  pages     = "163--202",
  year      = 1997,
  howpublished  = "\url{ftp://info.mcs.anl.gov/pub/tech_reports/reports/P634.ps.Z}",
  origin = petsc
}
% note      = "Also available as Argonne preprint ANL/MCS-P634-0197",

@article{LHCD-NTMstabzn,
    Keywords = {Neoclassical Tearing Modes, Lower Hybrid Current Drive},
    Journal = {Phys. Rev. Lett.},
    Year = {2000},
    Title = {Complete Stabilization of Neoclassical Tearing Modes with Lower Hybrid Current Drive on {COMPASS-D}},
    Month = {July},
    Number = {3},
    Pages = {574--577},
    Author = {C. D. Warrick and others},
    Volume = {85}}

@article{JET-NTMavoid,
    Journal = {Nucl. Fusion},
    Year = {2002},
    Title = {Control of sawteeth and triggering of {NTM}s with ion cyclotron resonance frequency waves in JET},
    Month = {October},
    Pages = {1324--1334},
    Author = {E. Westerhof and others},
    Volume = {42}}

@article{ECE-NTMstabzn,
    Author = {G. Gantenbein and others},
    Journal = {Phys, Rev. Lett.},
    Year = {2000},
    Title = {Complete Suppression of Neoclassical Tearing Modes with Current Drive at the Electron-Cyclotron-Resonance Frequency in {ASDEX} Upgrade Tokamak},
    Month = {August},
    Number = {6},
    Pages = {1242--1245},
    Volume = {85}}

@inproceedings{pustoIAEA,
    Year = {2000},
    Title = {Theory of Neoclassical tearing modes and its application to {ITER}},
    Address = {Vienna},
    Pages = {ITERP/07},
    Booktitle = {Proc. 18th Int. Conf. on Fusion Energy (Sorrento, 2000)},
    Publisher = {IAEA, Vienna},
    Author = {V. D. Pustovitov and others}}

@article{Hayashi,
    Journal = {Plasma Phys. Control. Nucl. Fusion},
    Year = {2004},
    Title = {{ECCD} power necessary for the neoclassical tearing mode stabilization in {ITER}},
    Pages = {477-487},
    Author = {N. Hayashi and others},
    Volume = {44}}

@article{lahaye02,
    Author = {R.J. La Haye and others},
    Journal = pp,
    Title = {},
    Year = {2001},
    Volume = {9},
    Pages = {2051}
}

@article{isayama01,
    Author = {A. Isayama and others},
    Journal = {Plasma Phys. Control. Nucl. Fusion},
    Title = {},
    Year = {2001},
    Volume = {42},
    Pages = {L37}
}

@article{PettyECCD_NTM,
    Journal = {Plasma Phys. Control. Nucl. Fusion},
    Year = {2004},
    Title = {Complete suppression of the m = 2/n = 1 neoclassical tearing mode using electron cyclotron current drive in {DIII-D}},
    Pages = {243--251},
    Author = {C.C. Petty and others},
    Volume = {44}}

@article{Westerhof,
    Journal = {Nucl. Fusion},
    Year = {2002},
    Title = {Control of sawteeth and triggering of {NTM}s with ion cyclotron resonance frequency waves in {JET}},
    Pages = {1324--1334},
    Author = {E. Westerhof},
    Volume = {42}}

@article{huysman99,
    Author = {G. T. A. Huysman and et.al.},
    Journal = nf,
    Year = {1999},
    Title = {},
    Pages = {1965},
    Volume = {39}}

@article{gunter98,
    Author = {S. Gunter and et.al.},
    Journal = nf,
    Year = {1998},
    Title = {},
    Pages = {1431},
    Volume = {38}}

@article{lahaye98,
    Author = {R. J. LaHaye and O. Sauter},
    Journal = {Nucl. Fusion},
    Year = {1998},
    Title = {},
    Pages = {987},
    Volume = {38}}

@article{Buttery,
    Journal = {Nucl. Fusion},
    Year = {2004},
    Title = {On the form of {NTM} onset scalings},
    Author = {R. J. Buttery},
    Pages = {678--685},
    Volume = {44}}

@article{Sauter,
    Journal = {Phys. Rev. Lett.},
    Year = {2002},
    Title = {Control of Neoclassical Tearing Modes by Sawtooth Control},
    Author = {O. Sauter and others},
    Number = {10},
    Pages = {105001-1--4},
    Month = {March},
    Volume = {88}}

@article{YuGunth,
    Journal = {Phys. Plasmas},
    Year = {2000},
    Title = {Modeling of the stabilization of neoclassical tearing modes
by localized radio frequency current drive},
    Author = {Q. Yu and S. G\"{u}nter and G. Giruzzi and K. Lackner and M. Zabiego},
    Number = {7},
    Pages = {312--322},
    Month = {July},
    Volume = {7}}

@inproceedings{BosIAEA,
    Year = {2000},
    Title = {Design of {ITER-FEAT} {RF} Heating and Current Drive Systems},
    Address = {Varenna},
    Pages = {ITERP/14},
    Booktitle = {Proc. 18th Int. Conf. on Fusion Energy (Sorrento, 2000)},
    Publisher = {IAEA, Vienna},
    Author = {G. Bosia and others}}

@article{Gormezhybrid,
    Year = {2004},
    Title = {Hybrid advanced scenarios: perspectives for {ITER} and new experiments with dominant RF heating },
    Month = {December},
    Journal = {Plasma Phys. Control. Fusion },
    Number = {12B},
    Pages = {B435-B447},
    Author = {C. Gormezano and others},
    Volume = {46}}

@inproceedings{LoarteIAEA,
    Year = {2000},
    Title = {Preidcted {ELM} energy loss and power loading in {ITER-FEAT}},
    Address = {Varenna},
    Pages = {ITERP/11},
    Booktitle = {Proc. 18th Int. Conf. on Fusion Energy (Sorrento, 2000)},
    Publisher = {IAEA, Vienna},
    Author = {A. Loarte and others}}

@article{hutchinson94,
    Author = {I. H. Hutchinson and others},
    Year = {1994},
    Title = {},
    Journal = pp,
    Pages = {1805},
    Volume = {1}
}

@Article{     sauter97,
  author    = "O. Sauter and et.al.",
  title     = "",
  journal   = pp,
  year      = "1997",
  volume    = "5",
  pages     = "",
  note      = ""
}

@book{cbse,
  TITLE =        "Component-Based Software Engineering",
  EDITOR =       "George Heineman and Bill Councill",
  PUBLISHER =    "Addison-Wesley",
  ADDRESS =      {Reading, Massachusetts},
  YEAR =         2000
}

@book{Szyperski,
  AUTHOR =       "Clemens Szyperski",
  TITLE =        "{Component Software---Beyond Object-Oriented
                  Programming}",
  ADDRESS =      {Santa Fe, NM},
  PUBLISHER =    {Addison-Wesley},
  YEAR =         1998
}

@incollection{mw4comm,
  AUTHOR = {Nanbor Wang and Douglas C. Schmidt and Aniruddha Gokhale and Craig
  Rodrigues and Balachandran Natarajan and Joseph P. Loyall and Richard
  E. Schantz and Christopher D. Gill},
  TITLE =        "{QoS-enabled Middleware}",
  BOOKTITLE =    "Middleware for Communications",
  YEAR =         2004,
  EDITOR =       "Qusay Mahmoud",
  PUBLISHER =    "Wiley and Sons",
  ADDRESS =      "New York",
  GROUP =        {DocCentral}
}

@Article{ccahpc,
  author = {David E. Bernholdt and Benjamin A. Allan and Robert
                  Armstrong and Felipe Bertrand and Kenneth Chiu and
                  Tamara L. Dahlgren and Kostadin Damevski and Wael
                  R. Elwasif and Thomas G. W. Epperly and Madhusudhan
                  Govindaraju and Daniel S. Katz and James A. Kohl and
                  Manoj Krishnan and Gary Kumfert and J. Walter Larson
                  and Sophia Lefantzi and Michael J. Lewis and Allen
                  D. Malony and Lois C. McInnes and Jarek Nieplocha
                  and Boyana Norris and Steven G. Parker and Jaideep
                  Ray and Sameer Shende and Theresa L. Windus and
                  Shujia Zhou},
  title = {A Component Architecture for High-Performance Scientific
                  Computing},
  journal = {Intl. J. High-Perf. Computing Appl.},
  year = {2005},
  note = {Submitted to ACTS Collection special issue}
}


@Article{Dubois:build,
  author =   {Paul F. Dubois and Thomas Epperly and Gary Kumfert},
  title =    {Why Johnny Can't Build},
  journal =      {Computing in Science and Engineering},
  year =     {2003},
  volume =   {5},
  number =   {5},
  pages =    {83--88},
  month =    {Sept.}
}

@Article{craig05,
  author =   {Anthony P. Craig and Robert L. Jacob and Brian
      Kauffman and Tom Bettge and Jay Larson and Everest Ong and
          Chris Ding and Yun HE},
  title =    {Cpl6: The New Extensible, High-Performance Parallel
      Coupler for the Community Climate System Model},
  journal =      {Int. J. High Performance Computing Applications},
  year =     {submitted},
  volume =   {},
  number =   {},
  pages =    {},
  month =    {}
}

@Article{jones99,
  author =   {P. W. Jones},
  title =    {First- and second-order conservative remapping schemes
      for grids in spherical coordinates},
  journal =  {Monthly Weather Review},
  year =     {1999},
  volume =   {127},
  number =   {},
  pages =    {2204-2210},
  month =    {}
}

@Article{Toth:build,
  author =   {G. Toth and O. Volberg and A. J. Ridley and T. I. Gombosi and D. DeZeeuw and K. C. Hansen and D. R. Chesney and Q. F. Stout and K. G. Powell and K. Kane and R. Oehmke},
  title =    {A Physics-Based Software Framework For Sun-Earth Connection Modeling},
  journal  = {Multiscale Coupling of Sun-Earth Processes, Proceedings of the Conference on the Sun-Earth Connection, Kona, Hawaii, 2004},
   editor={A. T. Y. Lui, Y. Kamide, and G. Consolini},
   publisher={Elsevier Publ.},
     year      = {2004},
   pages     = {383-397}
 }

@Article{Hill:build,
  author =   {C. Hill and C. DeLuca and V. Balaji and M. Suarez and A. da Silva and the ESMF Joint Specification Team},
  title =    {The Architecture of the Earth System Modeling Framework},
  journal =      {Computing in Science and Engineering},
  year =     {2004},
  volume =   {6},
  number =   {1},
  month =    {January/February}
}

@Article{Sokolov:build,
  author =   {I. V. Sokolov and I. I. Roussev and T. I. Gombosi  M. A. Lee and J. Kota },
  title =    {A new field line advection model for solar particle acceleration},
  journal =      {The Astrophysical Journal},
  year =     {2004},
  number =   {616},
  pages =    {L171-L174},
  month =    {December}
}

@Article{     snyder02,
  author    = "P. B. Snyder and H. R. Wilson and J. R. Ferron and L. L. Lao
      and A. W. Leonard and T. H. Osborne and A. D. Turnbull and D.
      Mossessian and M. Murakami and X. Q. Xu",
  title     = "Edge localized modes and the pedestal: A model
      based on coupled peeling-ballooning modes",
  journal   = pp,
  year  = "2002",
  volume    = "9",
  pages = "2037",
  note  = ""
}

@Article{     hegna99,
  author    = "C. C. Hegna",
  title     = "Nonlinear dynamics of pressure driven magnetic islands in
          low aspect ratio tokamaks",
  journal   = pp,
  year      = "1999",
  volume    = "6",
  pages     = "3980",
  note      = ""
}

@Article{     lutjens02,
  author    = "H. Lutjens and J. F. Luciani and A. Bondeson and X. Garbet",
  title     = "",
  journal   = pp,
  year      = "2002",
  volume    = "9",
  pages     = "219",
  note      = ""
}

@Article{     wilson96,
  author    = "H. R. Wilson and J. W. Connor and et.al.",
  title     = "",
  journal   = pp,
  year      = "1996",
  volume    = "6",
  pages     = "",
  note      = ""
}

@Article{     qu85,
  author    = "W. X. Qu and J. D. Callen",
  title     = "",
  journal   = "U.W. Plasma Report 85-5",
  year      = "1985"
}

@Article{     carrera86,
  author    = "R. Carrera and R. D. Hazeltine and M. Kotschenreuther",
  journal   = pf,
  year      = "1986",
  volume    = "19",
  pages     = "899"
}

@Article{     ggj,
  author    = "A. H. Glasser and J. M. Greene and J. L. Johnson",
  title     = "",
  journal   = pf,
  year      = "1975",
  volume    = "18",
  pages     = "875",
  note      = ""
}

@Article{     kotschenruther85,
  author    = "M. Kotschenreuther and R. D. Hazeltine and P. J. Morrison",
  title     = "",
  journal   = pf,
  year      = "1985",
  volume    = "28",
  pages     = "294",
  note      = ""
}

@Article{     kruger98,
  author    = "S. E. Kruger and C. C. Hegna and J. D. Callen",
  title     = "",
  journal   = pp,
  year      = "1998",
  volume    = "5",
  pages     = "455",
  note      = ""
}

@Article{     smolyakov95,
  author    = "A. I. Smolyakov and et.al.",
  title     = "",
  journal   = pp,
  year      = "1995",
  volume    = "2",
  pages     = "1581",
  note      = ""
}

@Article{     connor01,
  author    = "J. W. Connor and F. L. Waelbroeck and H. R. Wilson",
  title     = "",
  journal   = pp,
  year      = "2001",
  volume    = "8",
  pages     = "2835",
  note      = ""
}

@Article{     chang95a,
  author    = "Z. Chang and J. D. Callen",
  journal   = prl,
  year      = "1995",
  volume    = "74",
  pages     = "4663"
}

@Article{     lahaye97,
  author    = "R. J. LaHaye and L. L. Lao and E. J. Strait and T. S. Taylor",
  title     = "",
  journal   = nf,
  year      = "1997",
  volume    = "37",
  pages     = "397",
  note      = ""
}

@Article{     gianakon96,
  author    = "T. A. Gianakon and C. C. Hegna and J. D. Callen",
  title     = "",
  journal   = pp,
  year      = "1996",
  volume    = "3",
  pages     = "4637",
  note      = ""
}

@Article{     popov01,
  author    = "A. M. Popov and et.al",
  title     = "",
  journal   = pp,
  year      = "2001",
  volume    = "8",
  pages     = "3605",
  note      = ""
}

@Article{     mikhailovskii84,
  author    = "A. B. Mikhailovskii and V. S. Ysypin",
  title     = "",
  journal   = "Beitr. Plasaphys.",
  year      = "1984",
  volume    = "24",
  pages     = "335",
  note      = ""
}

@article{simakovcatto05,
  author = {Andrei N. Simakov and Peter J. Catto},
  title = {Drift kinetic equation exact through second order in gyroradius expansion},
  publisher = {AIP},
  year = {2005},
  journal = {Physics of Plasmas},
  volume = {12},
  number = {1},
  eid = {012105},
  numpages = {9},
  pages = {012105},
  keywords = {plasma kinetic theory; tensors; plasma collision processes; plasma transport processes},
  howpublished = {\url{http://link.aip.org/link/PHP/12/012105/1}}
}

@article{simakovcatto04,
  author = {Andrei N. Simakov and Peter J. Catto},
  title = {Erratum: ``Drift-ordered fluid equations for field-aligned modes in low-beta collisional plasma with equilibrium pressure pedestals'' [Phys. Plasmas [bold 10], 4744 (2003)]},
  publisher = {AIP},
  year = {2004},
  journal = {Physics of Plasmas},
  volume = {11},
  number = {5},
  pages = {2326-2326},
  keywords = {plasma pressure; plasma temperature; plasma fluctuations},
  howpublished = {\url{http://link.aip.org/link/PHP/11/2326/1}}
}

@article{cattosimakov04,
  author = {Peter J. Catto and Andrei N. Simakov},
  title = {A drift ordered short mean free path description for magnetized plasma allowing strong spatial anisotropy},
  publisher = {AIP},
  year = {2004},
  journal = {Physics of Plasmas},
  volume = {11},
  number = {1},
  pages = {90-102},
  keywords = {polynomials; plasma transport processes; plasma temperature; viscosity},
 howpublished  = {\url{http://link.aip.org/link/PHP/11/90/1}}
}

@article{simakovcatto03,
  author = {Andrei N. Simakov and Peter J. Catto},
  title = {Drift-ordered fluid equations for field-aligned modes in low-beta collisional plasma with equilibrium pressure pedestals},
  publisher = {AIP},
  year = {2003},
  journal = {Physics of Plasmas},
  volume = {10},
  number = {12},
  pages = {4744-4757},
  keywords = {plasma pressure; plasma temperature; plasma fluctuations},
  howpublished  = {\url{http://link.aip.org/link/?PHP/10/4744/1}}
}

@Article{     fitzpatrick95,
  author    = "R. Fitzpatrick ",
  title     = "",
  journal   = pp,
  year      = "1995",
  volume    = "2",
  pages     = "825",
  note      = ""
}

@Article{     gates97,
  author    = "D. A. Gates and others",
  title     = "",
  journal   = nf,
  year      = "1997",
  volume    = "37",
  pages     = "1593",
  note      = ""
}

@Book{        strang-fix,
  author    = "W. G. Strang and G. J. Fix",
  title     = "An Analysis of the Finite Element Method",
  address   = "New York",
  publisher = "Prentice--Hall",
  year      = "1973"
}

@article{ramos03,
  author = {J. J. Ramos},
  title = {Dynamic evolution of the heat fluxes in a collisionless magnetized plasma},
  publisher = {AIP},
  year = {2003},
  journal = {Physics of Plasmas},
  volume = {10},
  number = {9},
  pages = {3601-3607},
  keywords = {plasma magnetohydrodynamics},
  howpublished = {\url{http://link.aip.org/link/?PHP/10/3601/1}}
}

@inproceedings{cca,
  author =   "Rob Armstrong and Dennis Gannon and Al Geist and
                  Katarzyna Keahey and Scott Kohn and Lois McInnes and
                  Steve Parker and and Brent Smolinski",
  title =    "{Toward a Common Component Architecture for
                  High-Performance Scientific Computing}",
  booktitle =    "{Proceedings of IEEE Symposium on High Performance
                  Distributed Computing}",
  year =     1999,
  Organization = "IEEE",
  address = "Redondo Beach, CA"
}

@Article{ccaspmd,
  author = {Benjamin A. Allan and Robert C. Armstrong and Alicia
                  P. Wolfe and Jaideep Ray and David E. Bernholdt and
                  James A. Kohl},
  title = {The {CCA} Core Specification In A Distributed Memory {SPMD}
           Framework},
  journal = {Concurrency and Computation: Practice and Experience},
  year = {2002},
  volume = {14},
  number = {5},
  pages = {323--345},
  keywords = {CCA, CCTTSS, SNL, ORNL},
  doi = {10.1002/cpe.651},
  howpublished =
  {\url{http://www3.interscience.wiley.com/cgi-bin/fulltext/93513494/PDFSTART}}
}

@ARTICLE{schlesinger,
   author = "S.~Schlesinger",
   journal = "Simulation",
   title = {Terminology of Model Credibility},
   year = "1979",
   volume = "32",
   pages = "103"
}

@article{eriksson98,
  author  = {L.-G. Eriksson and M. Mantsinen and D. Borba and A. Fasoli and
             R. Heeter and S. Sharapov and D. F. H. Start and J. Carlsson and
             A. Gondhalekar and T. Hellsten and A. Korotkov},
  title   = {Evidence for a wave-induced particle pinch in the presence of
             toroidally asymmetric {ICRF}-waves},
  journal = prl,
  year    = {1998},
  volume  = {81},
  pages   = {1231--1234},
  note    = {}
}

@article{porcelli91,
  author  = {F. Porcelli},
  title   = {},
  journal = ppcf,
  year    = {1991},
  volume  = {33},
  pages   = {1601},
  note    = {}
}

@article{porcelli96,
  author  = {F. Porcelli and D. Boucher and M. N. Rosenbluth},
  title   = {Model for the sawtooth period and amplitude},
  journal = ppcf,
  year    = {1996},
  volume  = {38},
  pages   = {2163},
  note    = {}
}

@article{hedin98,
  author  = {J. Hedin and J. Carlsson and T. Hellsten and A. Jaun},
  title   = {Parasitic absorption by fusion born $\alpha$-particles in
             ICRF heated plasmas},
  journal = ppcf,
  year    = {1998},
  volume  = {40},
  pages   = {1085},
  note    = {}
}

@article{ifs-pppl,
  author  = {M.~Kotschenreuther and W.~Dorland and M.~A.~Beer and
             G.~W.~Hammett},
  title   = {},
  journal = pp,
  year    = {1995},
  volume  = {2},
  pages   = {2381},
  note    = {}
}

@Article{waltz:1997,
author    = {R.E. Waltz and G.M. Staebler and W. Dorland 
             and G.W. Hammett and M. Kotschenreuther and
             J.A. Konings},
title     = {A {{gyro-Landau-fluid}} transport model}, 
journal   = pp,
volume    = 4,
pages     = 2482,
year      = 1997}

@article{mmm95,
  author  = {Glenn Bateman and Arnold H. Kritz and Jon E. Kinsey and Aaron J. Redd and Jan Weiland},
  title   = {Predicting temperature and density profiles in tokamaks},
  journal = pp,
  year    = {1998},
  volume  = {5},
  pages   = {1793},
  note    = {}
}

@conference{fido,
  author       = {Johan Carlsson and Lars-G\"oran Eriksson and
                  Torbj\"orn Hellsten},
  title        = {{FIDO}, a Code for Calculating the Velocity Distribution
                  Function of a Toroidal Plasma During {ICRH}},
  booktitle    = {Proceedings of the 1994 Joint Varenna-Lausanne International
                  Workshop on Theory of Fusion Plasmas},
  organization = {Editrice Compositori, Societ\'a Italiana di Fisica},
  address      = {Bologna, Italy},
  year         = {1994},
  volume       = {},
  pages        = {351--356},
  note         = {}
}

@article{eriksson94,
  author  = {L.-G. Eriksson and P. Helander},
  title   = {},
  journal = pp,
  year    = {1994},
  volume  = {1},
  pages   = {308},
  note    = {}
}

@article{hellsten95,
  author  = {T. Hellsten and J. Carlsson and L.-G. Eriksson},
  title   = {Minority ion cyclotron current drive in tokamaks},
  journal = prl,
  year    = {1995},
  volume  = {74},
  pages   = {3612},
  note    = {}
}

@article{carlsson98,
  author  = {J. Carlsson and T. Hellsten and J. Hedin},
  title   = {New mechanisms of minority ion cyclotron current drive},
  journal = pp,
  year    = {1998},
  volume  = {5},
  pages   = {2885},
  note    = {}
}

@article{carlsson97,
  author  = {J. Carlsson and L.-G. Eriksson and T. Hellsten},
  title   = {The effect of the toroidal wave-number spectrum on the high-energy
             tail formation during {ICRH}},
  journal = nf,
  year    = {1997},
  volume  = {37},
  pages   = {719},
  note    = {}
}

@article{lion,
  author  = {L. Villard and K. Appert and R. Gruber and J. Vaclavik},
  title   = {Golbal Waves in Cold Plasmas},
  journal = {Computer Physics Reports},
  year    = {1986},
  volume  = {4},
  pages   = {95},
  note    = {}
}

@article{Ong01,
  author  = {E. T. Ong and J. W. Larson and R. L. Jacob},
  title   = {A Real Application of the Model Coupling Toolkit},
  journal = "Preprint ANL/MCS-P929-0102",
  year    = {2002},
  month =   {January},
  volume  = {},
  pages   = {},
  note    = {}
}


@Article{Pang97,
 author =       "A. T. Pang and C. M. Wittenbrink and S. K. Lodha",
 title =        "Approaches to Uncertainty Visualization",
 journal =      "The Visual Computer",
 month =        nov,
 year =         "1997",
 volume =       "13",
 number =       "8",
 pages =        "370--390"
}


@Article{Kniss02a,
 author =       "J. Kniss and G. Kindlmann and C. Hansen",
 title =        "Multi-Dimensional Transfer Functions for Interactive
                Volume Rendering",
 journal =      "TVCG",
 year =         "2002",
 pages =        "270--285",
 month =        jul,
 volume =       "8",
 number =       "4"
}

@inproceedings{Kniss02b,
 author =       "J. Kniss and C. Hansen",
 title =        "Volume Rendering Multivariate Data to Visualize Meteorological Simulations: A Case Study",
 booktitle =      "Eurographics - IEEE TCVG Symposium on Visualization 2002",
 pages =        "189--194",
 year =         "2002"
}

@Article{Verma04,
 author =       "V. Verma and A. Pang",
 title =        "Comparative Flow Visualization",
 journal =      "TVCG",
 year =         "2004",
 pages =        "609--624",
 month =        Nov,
 volume =       "10",
 number =       "6",
}

@Article{Wenger04,
 author =       "A. Wenge and D. F. Keefe and S. Shang and D. H. Laidlaw",
 title =        "Interactive Volumne Rendering of Thin Thread Structures with Multivalued Scientific data Sets",
 journal =      "TVCG",
 year =         "2004",
 pages =        "664--672",
 month =        Nov,
 volume =       "10",
 number =       "6"
}

@Unpublished{Damevski05,
 author =       "K. Damevski, S. Parker and K. Zhang",
 title =        "A Framework for Combining Multiple Component Models",
 journal =      "",
 year =         "{\em to be submitted}"
}

@Article{     knoll04,
  author    = "D. A. Knoll and D. E. Keyes",
  title     = "Jacobian-free Newton-Krylov methods: a survey of
          approaches and applications",
  journal   = jcp,
  year      = "2004",
  volume    = "193",
  pages     = "357"
}

@InProceedings{nfreya,
 author =       "G.~Lister and D.~Post and and R.~Goldston",
 title = " ",
 booktitle =    "3rd Symposium on Plasma Heating in Toroidal Devices,
                 Varenna, Italy, (Editrice Compositori, Bologna)",
 pages = "",
 year =         "1977"
}

@InProceedings{cql3d,
 author =       "R. W.~Harvey and M. G.~McCoy",
 title =        "The CQL3D Fokker Planck Code",
 booktitle =    "IAEA Technical Committee Meeting on Advances in Simulation
                 and Modeling of Thermonuclear Plasmas, Montreal, 1992",
 pages =        "489-526",
 year =         "1993"
}

@Article{     smc,
  author    = "D. L. Green and E. F. Jaeger and L. A. Berry and the rf-SciDAC team",
  title     = "  ",
  journal   = "J. Phys.: Conf. Series",
  year      = "2009",
  volume    = "180",
  pages     = "012058",
  note      = ""
}

@Article{     Kerbel,
  author    = "G. D.~Kerbel and M. G.~McCoy",
  title     = "",
  journal   = "Physics of Fluids",
  year      = "1985",
  volume    = "28",
  pages     = "3629",
  note      = ""
}

@Article{     Smirnov,
  author    = "A. P.~Smirnov and R. W.~Harvey",
  title     = "The Ray Tracing Code GENRAY",
  journal   = "Bulletin of the American Physical Society",
  year      = "1995",
  volume    = "40",
  pages     = "1837",
  note      = ""
}

@Article{     FischK,
  author    = "C. F. F.~Karney and N. J.~Fisch",
  title     = "",
  journal   = "Physics of Fluids",
  year      = "1985",
  volume    = "28",
  pages     = "116",
  note      = ""
}

@techreport{bryan:96,
   author = "Frank O. Bryan and Brian G. Kauffman and William G. Large
   and Peter R. Gent",
   title = "The NCAR CSM flux coupler",
   institution = "NCAR",
   address = "Boulder, CO",
   year = 1996,
   type = "NCAR Tech. Note",
   number="424"
 }

@inproceedings{drumm:01,
  author="L. A. Drummond and J. Demmel and C. R. Mechose and H. Robinson and
  K. Sklower and J. A. Spahr",
  title="A Data Broker for Distirbuted Computing Environments",
  booktitle="Proc. 2001 International Conference on Computational Science",
  year="2001",
  pages="31--40",
  editor="V. N. Alexandrov and J. J. Dongarra and C. J. K. Tan",
  series="Lecture Notes in Computer Science",
  volume="2073",
  publisher="Springer-Verlag",
  address="Berlin"
  }

@techreport{jones:98,
   author = "P. W. Jones",
   title = "A User's Guide for SCRIP:  A Spherical Coordinate
   Remapping and Interpolation Package",
   institution = "Los Alamos National Laboratory",
   address = "Los Alamos, NM",
   year = 1998
 }

@techreport{valcke:04,
   author = "Sophie Valcke and Arnaud Caubel and Reiner Vogelsang
   and Damien Declat",
   title = "OASIS3 Ocean Atmosphere Sea Ice Soil User's Guide",
   institution = "CERFACS",
   address = "Toulouse, France",
   year = 2004,
   type = "Technical Report",
   number="TR/CMGC/04/68"
 }

@InProceedings{PAWS01,
title   = "{PAWS}: Collective Interactions and Data Transfers",
author  = "K. Keahey and P. Fasel and S. Mniszewski",
booktitle = "Proceedings of the High Performance Distributed Computing Conference",
month   = "August",
year    = 2001,
address = "San Francisco, CA"
}

@InProceedings{PAWS98,
title   = "Efficient Coupling of Parallel Applcations Using PAWS",
author  = "Peter H. Beckman and Patricia K. Fasel and William F. Humphrey",
booktitle = "Proceedings of the 7th IEEE International Symposium on High
 Performance Distributed Computation",
month   = "July",
year    = 1998
}

@Article{cumulvs-ijhpca,
  Author = "G. A. Geist and J. A. Kohl and P. M. Papadopoulos",
  Year   = 1997,
  number = 3,
  volume = 11,
  pages = "224--236",
  Title  = "{CUMULVS}: Providing Fault Tolerance, Visualization
        and Steering of Parallel Applications",
  Journal =  "The International Journal of
        High Performance Computing Applications"
}

@InProceedings{cumulvs-pvmavs,
  Author = " J. A. Kohl and P. M. Papadopoulos",
  Title = "A Library for Visualization and Steering of Distributed
           Simulations using {PVM} and {AVS}",
  Booktitle = "High Performance Computing Symposium",
  Address = "Montreal, CA",
  Month = "July",
  Year = 1995
}

@TechReport{InterComm04,
  author =       {{J.-Y.} Lee and A. Sussman},
  title =        {Efficient Communication Between Parallel Programs with {InterComm}},
  institution =  "University of Maryland, Department of Computer Science and UMIACS",
  year =         2004,
  number =       {CS-TR-4557 and UMIACS-TR-2004-04},
  month =        "January"
}

@InProceedings{METACHAOS96,
author  = "M. Ranganathan and A. Acharya and G. Edjlali and A. Sussman and J. Saltz",
title   = "Runtime Coupling of Data-Parallel Programs",
booktitle = "Proc. of the 1996 International Conference on Supercomputing",
month   = "May",
year    = 1996,
address = "Philadelphia"
}

@InProceedings{METACHAOS97,
title   = "Interoperability of Data-Parallel Runtime Libraries",
author  = "G. Edjlali and A. Sussman and J. Saltz",
booktitle = "International Parallel Processing Symposium",
month   = "April",
year    = 1997,
publisher = "IEEE Computer Society Press",
address = "Geneva, Switzerland"
}

@Article{ HPF94B,
  author =      "{High Performance Fortran Forum}",
  title =       "{High~Performance~Fortran} Language Specification",
  journal =     "Scientific Programming",
  year =        "1993",
  volume =      "2",
  number =      "1--2",
  pages =       "1--170"
}
@Article{         nieplocha:1996:jsc-10-169,
  author        = {J. Nieplocha and R. J. Harrison and R. J.
                  Littlefield},
  title         = {{Global Arrays}: A Non-Uniform-Memory-Access Programming
                  Model for High-Performance Computers},
  journal       = "J. Supercomputing",
  year          = "1996",
  volume        = "10",
  number        = "2",
  pages         = "169--189"
}

@misc{wrf-coupling,
    author = "{Dan Schaffer}",
    year = 2004,
    title="Coupling Implementation of the WRF I/O API",
    howpublished="\url{http://www-ad.fsl.noaa.gov/ac/schaffer/mct_wrf_io_api.html}"
}

@misc{breslau2011,
    author = "{J. Breslau and G. Fu}",
    year = 2011,
    title="A method for reconstructing equilibrium energetic particle distributions from NUBEAM",
    howpublished="\url{http://w3.pppl.gov/cemm/Sherwood2011/Breslau.pdf}"
}

@article{karonis:2003,
  author="Nicholas Karonis and Brian Toonen and Ian Foster",
  title="{MPICH-G2}:  A Grid-Enabled Implementation of the Message Passing Interface",
  journal="Journal of Parallel and Distributed Computing",
  year="2003",
  volume="63",
  number= "5",
  pages="551--563"
  }

@Misc{dri1.0,
  author =       {{Data Reorganization (DRI) Forum}},
  title =        {Document for the Data Reorganization Interface
                  (DRI-1.0) Standard},
  howpublished = {\url{http://www.data-re.org/}},
  month =        {September 25},
  year =         2002
}

@inproceedings{casr-rocket:2002,
  author="W. A. Dick and M. T. Heath",
  title="Whole System Simulation of Solid Propellant Rockets",
  booktitle="Proc. AIAA Joint Propulsion Conf.",
  year="2002",
  month="July"
  }

@article{rockets:1998,
  author="M. T. Heathand W. A. Dick",
  title="Virtual Rocketry:  Rocket Science Meets Computer Science",
  journal="IEEE Comput. Sci. Engr.",
  year="1998",
  volume="5",
  number= "1",
  pages="16--26"
  }

@TechReport{sawyer:1998,
  author="William Sawyer and Lawrence L. Takacs and Arlindo da Silva and Peter Lyster",
  title="{PILGRIM}: {A} Parallel Library for Grid Manipulation in Earth Science Calculations",
  year = "1998",
  institution = "NASA/Goddard Space Flight Center",
  number = "DAO Office Note 98-08",
  address = "Greenbelt, Maryland."
}

@article{decyk:97,
  author="Viktor K. Decyk and Charles D. Norton and Boleslaw K. Syzmanski",
  title="Expressing Object-Oriented Concepts in Fortran90",
  journal="ACM Fortran Forum",
  year=1997,
  volume=16,
  number = 1,
  pages="13--18"
  }
@misc{decyk-www:96,
    author = "Viktor K. Decyk and Charles D. Norton and Boleslaw K. Syzmanski",
    year = 1996,
    title="Introduction to Object-Oriented Concepts Using Fortran90",
    howpublished="\url{http://www.cs.rpi.edu/~szymansk/OOF90/F90_Objects.html}"
}
@Article{     lerbingerluciani,
  author    = "K. Lerbinger and J.F. Luciani",
  title     = "A new semi-implicit method for MHD computations",
  journal   = jcp,
  year      = "1991",
  volume    = "97",
  pages     = "444"
}

@Article{     goldston81,
  author="iR.J. Goldston and others",
  title="New Techniques for Calculating Heat and
Particle Source Rates due to Neutral Beam Injection in Axisymmetric
Tokamaks",
  journal   = jcp,
  year      = "1981",
  volume    = "43",
  pages     = "61"
}


@article{ntcc:ref,
  author="A. H. Kritz and G. Bateman and J. Kinsey and A. Pankin and T. Onjun,
            A. Redd and others",
  title="The National Transport Code Collaboration Library",
  journal="Comput. Phys. Comm.",
  year="2004",
  volume="164",
  pages="108"
  }
@Article{     soltwisch95,
  author    = "H. Soltwisch H and H.R. Koslowski H R",
  title     = "Sawtooth modulation of the poloidal field in TEXTOR under ohmic heating conditions",
  journal   = ppcf,
  year  = "1995",
  volume    = "37",
  pages = "667",
  note  = ""
}
@Article{     yamada94,
  author    = "M. Yamada and F. M. Levinton and N. Pomphrey and
      R.  Budny and J. Manickam and and Y. Nagayama",
  title = "Investigation of magnetic reconnection
      during a sawtooth crash in a high-temperature tokamak
      plasma",
  journal   = pp,
  year  = "1994",
  volume    = "1",
  pages = "3269",
  note  = ""
}

@Article{     dorland93,
  author    = "W. Dorland and G. W. Hammett",
  title     = "",
  journal   = pfb,
  year      = "1993",
  volume    = "5",
  pages     = "812",
  note      = ""
}

@InProceedings{   beer98,
  author    = "M. A. Beer and G. W. Hammett",
  title     = "The Dynamics of Small-Scale Turbulence-Driven Flows",
  booktitle = "in Proceedings the Varenna Workshop ",
  year      = "1998",
  organization  = "Varenna",
  note      = ""
}
@Article{     wolf93,
  author    = "R. C. Wolf and J. O'Rourke and A. W. Edwards and M.
      Von Hellermann",
  title = "Comparison of poloidal field measurements on JET",
  journal   = nf,
  year      = "1993",
  volume    = "33",
  pages     = "663",
  note      = ""
}
@article{   wroblewski91,
  author = {D. Wroblewski and L. L. Lao},
  title = {Determination of the safety factor in sawtoothing discharges in DIII-D},
  publisher = {AIP},
  year = {1991},
  journal = {Physics of Fluids B: Plasma Physics},
  volume = {3},
  number = {10},
  pages = {2877-2881},
  keywords = {TOKAMAK DEVICES; MAGNETIC FIELDS; STARK EFFECT; NEUTRAL ATOM BEAM INJECTION; COMPUTER CODES; SAFETY ANALYSIS; SAWTOOTH OSCILLATIONS; ELECTRIC DISCHARGES; PLASMA CONFINEMENT; STABILITY; PLASMA; EQUILIBRIUM},
  url = {http://link.aip.org/link/?PHB/3/2877/1}
}

@article{pankin04,
author="A. Pankin and D. {McCune} and R. Andre and G. Bateman and A. Kritz",
title="The Tokamak Monte Carlo Fast Ion Module {NUBEAM}
in the National Transport Code Collaboration Library",
journal="Computer Physics Communications",
volume="159", pages="157--184",
year="2004"}

@Article{kadomstev75,
  author    = "B. B Kadomstev",
  title = "",
  journal   = "Sov. J. Plasma Phys.",
  year      = "1975",
  volume    = "1",
  pages     = "389",
  note      = ""
}
@Article{     wesson91,
  author    = "J. A. Wesson and et.al.",
  title = "",
  journal   = nf,
  year      = "1991",
  volume    = "31",
  pages     = "111",
  note      = ""
}
@Article{     edwards86,
  author    = "A. W. Edwards and D. J. Campbell and W. W.
      Engelhardt and H. -U. Fahrbach and R. D. Gill and R. S. Granetz and S. Tsuji
      and B.J.D. Tubbing and A. Weller and J. Wesson and D. Zasche",
  title = "Rapid Collapse of a Plasma Sawtooth Oscillation in the JET Tokamak",
  journal   = prl,
  year      = "1986",
  volume    = "57",
  pages     = "210",
  note      = ""
}
@article{nagayama96,
  author = {Y. Nagayama and M. Yamada and W. Park and E. D. Fredrickson and A. C. Janos and K. M. McGuire and G. Taylor},
  title = {Tomography of full sawtooth crashes on the Tokamak Fusion Test Reactor},
  publisher = {AIP},
  year = {1996},
  journal = {Physics of Plasmas},
  volume = {3},
  number = {5},
  pages = {1647-1655},
  keywords = {TFTR TOKAMAK; BALLOONING INSTABILITY; SAWTOOTH OSCILLATIONS; MAGNETIC RECONNECTION; MAGNETOHYDRODYNAMICS; HIGH&#150;BETA PLASMA; LOW&#150;BETA PLASMA; HEAT LOSSES; TOMOGRAPHY},
  url = {http://link.aip.org/link/?PHP/3/1647/1}
}
@Article{     janicki90,
  author    = "C. Janicki and R. Décoste and C. Simm",
  title = "High resolution soft-x-ray tomography of sawtooth oscillations on the Tokamak de Varennes",
  journal   = prl,
  year      = "1989",
  volume    = "62",
  pages     = "3038",
  note      = ""
}
@Article{     sugiyama00,
  author    = "L. E. Sugiyama and W. Park",
  title     = "A nonlinear two-fluid model for toroidal plasmas",
  journal   = pp,
  year      = "2000",
  volume    = "7",
  pages     = "4644",
  note      = ""
}

@Article{     aydemir88,
  author    = "A. Y. Aydemir",
  title     = "Mechanism for rapid sawtooth crashes in tokamaks",
  journal   = prl,
  year      = "1987",
  volume    = "59",
  pages     = "649",
  note      = ""
}

@Article{     aydemir89,
  author    = "A. Y. Aydemir and J. C. Wiley and D. W. Ross",
  title     = "Toroidal studies of sawtooth oscillations in tokamaks",
  journal   = pfb,
  year      = "1989",
  volume    = "1",
  pages     = "774",
  note      = ""
}

@Article{     aydemir92,
  author    = "A. Y. Aydemir",
  title     = "",
  journal   = pfb,
  year      = "1992",
  volume    = "4",
  pages     = "3469",
  note      = ""
}


@Article{ece:review,
  author =   {M. Bornatici and R. Cano and O. De Barbieri and F.
  Engelmann},
  title =    {Electron Cyclotron Emission and Absorption in Fusion
  Plasmas},
  journal =      nf,
  year =     1983,
  volume =   23,
  number =   9,
  pages =    {1153},
  annote =   {Review paper on ece heating}
}

@Article{bonoli:lhreview,
  author =   {Paul Bonoli},
  title =    {Linear Theory of Lower Hybrid Heating},
  journal =      {IEEE Trans. Plasma Sci.},
  year =     1984,
  volume =   {PS-12},
  number =   2,
  pages =    {95-107},
  annote =   {Review paper on lh heating}
}

@Book{stix:waves,
  Author =   "T.~H.~Stix",
  Title =    "{The Theory of Plasma Waves}",
  Publisher =    "American Institute of Physics",
  Address =  "New York",
  Year =     1992,
  Annote =   "The 2nd edition of the standard reference on wave
                  phenomena in plasma"
}
@Article{     maddison02,
  author    = "G. P. Maddison and J A Snipes and J-M Chareau and
      G D Conway and I H Hutchinson and L C Ingesson and H R
      Koslowski and A Loarte and P J Lomas and M J Mantsinen
      and G F Matthews and L Meneses and M F F Nave and E Righi
      and G Saibene",
  title     = "ELM moderation with ICRF heating on JET",
  journal   = ppcf,
  year      = "2002",
  volume    = "44",
  pages     = "1937",
  note      = ""
}

@article{   ferron00,
  author = {J. R. Ferron and M. S. Chu and G. L. Jackson and L.
      L. Lao and R. L. Miller and T. H. Osborne and P. B.
          Snyder and E. J. Strait and T. S. Taylor and A. D.
          Turnbull and A. M. Garofalo and M. A. Makowski and
          B. W. Rice and M. S. Chance and L. R. Baylor and M.
          Murakami and M. R. Wade},
  title = {Modification of high mode pedestal instabilities in the DIII-D tokamak},
  journal = pp,
  year = {2000},
  volume = {7},
  number = {5},
  pages = {1976-1983},
  keywords = {Tokamak devices; plasma toroidal confinement; plasma instability; ballooning instability},
  url = {http://link.aip.org/link/?PHP/7/1976/1}
}
@Article{     bussac75,
  author    = "M.N. Bussac and R. Pellat and D. Edery and J.L. Soule",
  title     = "",
  journal   = prl,
  year      = "1975",
  volume    = "35",
  pages     = "1638",
  note      = ""
}
@Article{     zakharov78,
  author    = "L. Zakharov",
  title = "",
  journal   = "Sov. J. Plasma Phys.",
  year      = "1978",
  volume    = "4",
  pages     = "503",
  note      = ""
}
@article{wahlberg98,
  author = {C. Wahlberg},
  title = {Analytical stability condition for the ideal m = n = 1 kink mode in a toroidal plasma with elliptic cross section},
  publisher = {AIP},
  year = {1998},
  journal = {Physics of Plasmas},
  volume = {5},
  number = {5},
  pages = {1387-1402},
  keywords = {plasma toroidal confinement; kink instability; plasma magnetohydrodynamics},
  url = {http://link.aip.org/link/?PHP/5/1387/1}
}
@Article{     lutjens92,
  author    = "H. Lutjens and A. Bondeson and G. Vlad",
  title = "",
  journal   = nf,
  year      = "1992",
  volume    = "32",
  pages     = "1625",
  note      = ""
}
@Article{     snider94,
  author    = "R.T. Snider and R.J. La Haye and A.D. Turnbull and D. Wroblewski",
  title = "Modification of sawtooth crash behaviour during large error field experiments on the DIII-D tokamak",
  journal   = nf,
  year      = "1994",
  volume    = "34",
  pages     = "483",
  note      = ""
}
@Article{     turnbull89,
  author    = "A.D. Turnbull and F. Troyon",
  title = "",
  journal   = nf,
  year      = "1989",
  volume    = "29",
  pages     = "1887",
  note      = ""
}
@Article{     manickam84,
  author    = "J. Manickam",
  title = "",
  journal   = nf,
  year      = "1984",
  volume    = "24",
  pages     = "595",
  note      = ""
}

@Article{     shafranov70,
  author    = "V.D. Shafranov",
  title     = "Hydromagnetic stability of a current-carrying pinch in a
          strong magnetic field",
  journal   = "Soviet Physics - Technical Physics",
  year      = "1970",
  volume    = "15",
  pages     = "175",
  note      = ""
}


@Article{     basu82,
  author    = "B. Basu and B. Coppi",
  title     = "",
  journal   = pf,
  year      = "1982",
  volume    = "24",
  pages     = "465",
  note      = ""
}
@inproceedings{pegoraro89,
    Year = {1989},
    Title = {Theory of sawtooth stabilization in the presence of energetic ions},
    Address = {Vienna},
    Pages = {243-249},
    Booktitle = {Proc. of the XII Conference of the International
        Atomic Energy Agency, Nice},
    Publisher = {IAEA, Vienna},
    Author = {F. Pegoraro and F. Porcelli and B. Coppi and P. Detragiache and S. Migliuolo}
}
@Article{     sykes76,
  author    = "A. Sykes and J.A. Wesson",
  title     = "Relaxation instability in tokamaks",
  journal   = prl,
  year      = "1976",
  volume    = "37",
  pages     = "140",
  note      = ""
}


@Article{     waddell76,
  author    = "B.V. Waddell and M.N. Rosenbluth and et.al.",
  title     = "",
  journal   = nf,
  year      = "1976",
  volume    = "16",
  pages     = "528",
  note      = ""
}

@Article{     vlad89,
  author    = "G. Vlad and A. Bondeson",
  title = "Numerical simulations of sawteeth in tokamaks",
  journal   = nf,
  year      = "1989",
  volume    = "29",
  pages     = "1139",
  note      = ""
}

@article{lutjens97,
  author = {H. Lutjens and J-F Luciani},
  title = {Stability thresholds for ballooning modes driven by high beta internal kinks},
  publisher = {AIP},
  year = {1997},
  journal = {Physics of Plasmas},
  volume = {4},
  number = {12},
  pages = {4192-4194},
  keywords = {BALLOONING INSTABILITY; TFTR TOKAMAK; MHD EQUILIBRIUM; SHEAR; KINK INSTABILITY; MAGNETOHYDRODYNAMICS; plasma pressure; plasma toroidal confinement; plasma magnetohydrodynamics},
  url = {http://link.aip.org/link/?PHP/4/4192/1}
}
@article{nishimura99,
  author = {Y. Nishimura and J. D. Callen and C. C. Hegna},
  title = {Onset of high-n ballooning modes during tokamak sawtooth crashes},
  publisher = {AIP},
  year = {1999},
  journal = {Physics of Plasmas},
  volume = {6},
  number = {12},
  pages = {4685-4692},
  keywords = {BALLOONING INSTABILITY; TOKAMAK DEVICES; PLASMA SIMULATION; SAWTOOTH OSCILLATIONS; HIGH-BETA PLASMA; PLASMA CONFINEMENT; ION TEMPERATURE; plasma temperature; plasma toroidal confinement; sawtooth instability},
  url = {http://link.aip.org/link/?PHP/6/4685/1}
}
@article{rogers96,
  author = {B. Rogers and L. Zakharov},
  title = {Collisionless m=1 reconnection in tokamaks},
  publisher = {AIP},
  year = {1996},
  journal = {Physics of Plasmas},
  volume = {3},
  number = {6},
  pages = {2411-2422},
  keywords = {TOKAMAK DEVICES; MAGNETIC RECONNECTION; MAGNETIC ISLANDS; INSTABILITY GROWTH RATES; COLLISIONLESS PLASMA; MAGNETOHYDRODYNAMICS; PLASMA SIMULATION; BOUNDARY LAYERS},
  url = {http://link.aip.org/link/?PHP/3/2411/1}
}
@article{zakharov93,
author = {L. Zakharov and B. Rogers and S. Migliuolo},
title = {The theory of the early nonlinear stage of m=1 reconnection in tokamaks@f|},
publisher = {AIP},
year = {1993},
journal = {Physics of Fluids B: Plasma Physics},
volume = {5},
number = {7},
pages = {2498-2505},
keywords = {MAGNETIC RECONNECTION; TOKAMAK DEVICES; MAGNETOHYDRODYNAMICS; PLASMA CONFINEMENT; STABILIZATION; MAGNETIC FLUX},
url = {http://link.aip.org/link/?PHB/5/2498/1}
}
@article{zakharov92,
author = {L. Zakharov and B. Rogers},
title = {Two-fluid magnetohydrodynamic description of the internal kink mode in tokamaks},
publisher = {AIP},
year = {1992},
journal = {Physics of Fluids B: Plasma Physics},
volume = {4},
number = {10},
pages = {3285-3301},
keywords = {TOKAMAK DEVICES; KINK INSTABILITY; MAGNETOHYDRODYNAMICS; HALL EFFECT; LARMOR RADIUS; PLASMA MACROINSTABILITIES; ELECTRON TEMPERATURE; CURRENT LAYERS},
url = {http://link.aip.org/link/?PHB/4/3285/1}
}
@Article{     wang93,
  author    = "S. Wang and T. Ozeki and K. Tobita",
  journal   = prl,
  year      = "1995",
  volume    = "74",
  pages     = "4663"
}

@ARTICLE{white88,
   author = {{White}, R.~B. and {Rutherford}, P.~H. and {Colestock}, P. and
    {Bussac}, M.~N.},
    title = "{Sawtooth stabilization by energetic trapped particles}",
  journal = {Physical Review Letters},
     year = 1988,
    month = may,
   volume = 60,
    pages = {2038-2041},
   adsurl = {http://adsabs.harvard.edu/cgi-bin/nph-bib_query?bibcode=1988PhRvL..60.2038W&db_key=PHY},
  adsnote = {Provided by the NASA Astrophysics Data System}
}

@InProceedings{rutherford85,
  author =   {P. Rutherford},
  booktitle =    {Basic Phys. Proc. of Tor. Fusion Plasmas},
  year =     1986,
  publisher = {Proc. Course and Workshop, 1985},
  address =      {Varenna, Italy},
  pages = {Vol. 2, 531}
}
@InProceedings{morris92,
  author =   {A. Morris and others},
  booktitle =    {Intl. Conf. on Plasma Physics},
  year =     1992,
  publisher = {EPS Geneva},
  address =      {Innsbruck, 1992},
  pages = {Vol. 16C part1, 423}
}

@ARTICLE{kurita94,
   author = {G. Kurita and T. Tuda and M. Azumi and T. Takizuka and T. Takeda},
    title = "{Effect of local heating on the m=2 tearing mode in a tokamak}",
  journal = nf,
     year = 1994,
    month = nov,
   volume = 34,
    pages = {1497},
}
@ARTICLE{zabiego94,
   author = {M. Zabiego and X. Garbet and A. Becoulet and F. Nguyen and B. Saoutic},
    title = "{Sawtooth stabilization with on-axis ICRH on Tore Supra}",
  journal = nf,
     year = 1994,
    month = nov,
   volume = 34,
    pages = {1489},
}

@ARTICLE{giruzzi99,
   author = {G. Giruzzi and M. Zabiego and T. Gianakon and X. Garbet and
       A. Cardinali and S. Bernabei},
    title = {Dynamic Modelling of tearing mode stabilisation by rf current drive},
  journal = nf,
     year = 1999,
    month = nov,
   volume = 34,
    pages = {107},
}

@article{lazzaro96,
  author = {E. Lazzaro and G. Ramponi},
  title = {Theory and calculation of current profile control near rational surfaces in a tokamak by electron cyclotron waves},
  publisher = {AIP},
  year = {1996},
  journal = {Physics of Plasmas},
  volume = {3},
  number = {3},
  pages = {978-984},
  keywords = {CURRENT&#150;DRIVE HEATING; ECR HEATING; ELECTRON CYCLOTRON&#150;RESONANCE; MAGNETIC ISLANDS; MAGNETIC SURFACES; MAGNETOHYDRODYNAMICS; TOKAMAK DEVICES},
  url = {http://link.aip.org/link/?PHP/3/978/1}
}

@article{hegna97,
  author = {C. C. Hegna and J. D. Callen},
  title = {On the stabilization of neoclassical magnetohydrodynamic tearing modes using localized current drive or heating},
  publisher = {AIP},
  year = {1997},
  journal = {Physics of Plasmas},
  volume = {4},
  number = {8},
  pages = {2940-2946},
  keywords = {STABILIZATION; MAGNETOHYDRODYNAMICS; MAGNETIC FIELDS; TEARING INSTABILITY; TOKAMAK DEVICES; CURRENT-DRIVE HEATING; PLASMA HEATING; CHARGED-PARTICLE TRANSPORT; plasma magnetohydrodynamics; plasma transport processes},
  url = {http://link.aip.org/link/?PHP/4/2940/1}
}

@ARTICLE{gorelenkov00,
   author = {{Gorelenkov}, N.~N. and {Cheng}, C.~Z. and {Fu}, G.~Y. and {Manickam}, J. and
    {Park}, W. and {Nave}, M.~F.~F.},
    title = "{Sawtooth Stabilization by Beam Ions.\^{}1}",
  journal = {APS Meeting Abstracts},
     year = 2000,
    month = oct,
    pages = {1013P-+},
   adsurl = {http://adsabs.harvard.edu/cgi-bin/nph-bib_query?bibcode=2000APS..DPPHP1013G&db_key=PHY},
  adsnote = {Provided by the NASA Astrophysics Data System}
}
@ARTICLE{nave03,
   author = {{Nave}, M.~F.~F. and {Coda}, S. and {Graves}, J. and {Pitts}, R. and
    {Sauter}, O. and {Buttery}, R. and {Challis}, C. and {Lomas}, P. and
    {Matthews}, G. and {Stamp}, M. and {Koslowski}, R. and {Perez}, C. and
    {Marascheck}, M. and {Pinches}, S. and {Suttrop}, W. and {Loarte}, A.
    },
    title = "{Core and Edge MHD Studies in JET Reversed B Experiments}",
  journal = {APS Meeting Abstracts},
     year = 2003,
    month = oct,
    pages = {1037P-+},
   adsurl = {http://adsabs.harvard.edu/cgi-bin/nph-bib_query?bibcode=2003APS..DPPRP1037N&db_key=PHY},
  adsnote = {Provided by the NASA Astrophysics Data System}
}

@ARTICLE{tarditi96,
   author = {{Tarditi}, A. and {Cohen}, R.~H. and {Craddock}, G.~G. and {Crotinger}, J.~A. and
    {Porter}, G.~D. and {Rognlien}, T.~D. and {Shestakov}, A.~I. and {Smith}, G.~R.},
    title = "{Self-consistent Core-Edge Nonlinear Transport Simulations with CORSICA-2}",
  journal = {Contrib. Plasma Phys.},
     year = {1996},
     volume = {36},
     number = {2/3},
    pages = {132-135}
   }

@ARTICLE{Fichtmuller98,
   author = {{Fichtm\"uller}, M. and {Corrigan}, G. and {Lauro-Taroni}, L. and {Simonini}, R. and
    {Spence}, J. and {Springmann}, E. and {Raroni}, A.},
    title = "{Core-Edge Coupling and the Effect of the Edge on Overall Plasma Performance}",
  journal = {Czech Journal of Physics},
     year = {1998},
     volume = {48/S2},
    pages = {25}
   }

@ARTICLE{shestakov03,
  author = {{Shestakov}, A.~I. and {Cohen}, R.~H. and {Crotinger}, J.~A. and
    {Lodestro}, L.~L. and {Tarditi}, A.},
  title = "{Self-consistent modeling of turbulence and transport}",
  journal = {Journal of Computational Physics},
  year = {2003},
  volume = {185},
  pages = {399-426}
  }

@ARTICLE{waltz05,
  author = {{Waltz}, R.~E. and {Candy}, J. and {Hinton}, F.~L. and
   {Estrada-Mila}, C. and {Kinsey}, J.~E.},
  title = "{Advances in comprehensive gyrokinetic simulations of transport in tokamaks}",
  journal = {Nuclear Fusion},
  year = {2005},
  volume = {45},
  pages = {741-750}
}

@ARTICLE{kevrekidis04,
  author =  {{Kevrekidis}, I.~G. and {Gear}, C.~W. and {Hummer}, G.},
  title =  "Equation-Free, The Computer Aided Analysis of Complex Systems",
  journal = {AlChE Journal},
  volume = {50},
  year = {2004},
  pages = {1346-1355}
}

@ARTICLE{leepriv,
  author = {{Lee}, S and {Gear}, C.~W.},
  journal = "Private communications"
}

@Article{     hameiri83,
  author    = "E. Hameiri",
  title     = "The equilibrium and stability of rotating plasmas",
  journal   = pf,
  year      = "1983",
  volume    = "26",
  pages     = "230",
  note      = ""
}

@Article{ stambaugh99,
  author    = "R. Stambaugh and G. Janeschitz and S. Cohen at al.",
  title     = "ITER Physics Basis. Chapter 4: Power and particle control",
  journal   = nf,
  year      = "1999",
  volume    = "39",
  pages     = "2931",
  note      = ""
}



@Article{ federici01,
  author    = "G. Federici and C. H. Skinner and J. N. Brooks et al.",
  title = "Plasma-material interactions in current tokamaks and their implications for ext step fusion reactors",
  journal   = nf,
  year      = "2001",
  volume    = "41",
  pages     = "1967",
  note      = ""
}

@Article{ loarer05,
  author    = "T. Loarer and J. Bucalossi and G. Matthew et al.",
  title     = "Trituim particle balance and retention during DT discharges in JET",
  journal   = "J.  Nuclear Materials",
  year      = "2005",
  volume    = "337-339",
  pages     = "624",
  note      = ""
}


@Article{ fujita06,
  author    = "T. Fujita and the JT-60 Team",
  title = "Steady state operation research in JT-60 with extended pulse length",
  journal   = nf,
  year  = "2006",
  volume    = "44",
  pages = "S3",
  note  = ""
}

@Article{ hollmann02,
  author    = "E. M. Hollmann and A. Yu. Pigarov and R. Seraydarian and D. G. Whyte and
            and S. I. Krasheninnikov",
  title = "Particle balance measurements during
            detachment in a gas-target divertor simulator",
  journal   = pp,
  year  = "2002",
  volume    = "9",
  pages = "1226",
  note  = ""
}

@Article{ coster06,
  author    = "D. P. Coster and X. Bonnin and M. Warrier",
  title = "Extensions to the SOLPS edge plasma simulation code to
    include additional surface interaction possibilities",
  journal   = "{\em to appear in Physica Scripta}",
  year  = "2006",
  volume    = "73",
  pages     = "",
  note      = ""
}

@Article{gradhogan73,
  author    = "H. Grad and Hogan",
  title = "",
  journal   = prl,
  year  = "1973",
  volume    = "",
  pages = "",
  note  = ""
}


@Article{hirshman1978,
  author =   {S. P. Hirshman and S. C. Jardin},
  title = "2-Dimensional Transport of Tokamak Plasmas",
  journal   = {Physics of Fluids},
  year  = "1979",
  volume    = "22",
  pages = "731-742",
  note  = ""
}

@Book{        stangeby,
  author    = "Peter C. Stangeby",
  title     = "The Plasma Boundary of Magnetic Fusion Devices",
  address   = "Bristol and Philadelphia",
  publisher = "Institute of Physics",
  year      = "2000"
}

@InProceedings{braginskii,
  author =   {S.I. Braginskii},
  booktitle   = {Reviews of Plasma Physics},
  Title       = {Transport processes in a plasma},
  year        = "1965",
  publisher   = {Consultants Bureau},
  address     = {New York},
  pages       = {Vol. 1, 205}
}

@Article{rognlien92,
  author    = "T.~D. Rognlien and J.~L. Milovich and M.~E. Rensink and G.~D. Porter",
  title = "A Fully Implicit, Time Dependent 2-D Fluid code for modeling Tokamak Edge plasmas",
  journal   = "J. Nuclear Materials",
  year      = "1992",
  volume    = "196-198",
  pages     = "347",
  note      = ""
}

@Article{         uedge,
  author        = "T.~D. Rognlien and D.~D. Ryutov and N. Mattor and and G.~D. Porter",
  title         = "Two-Dimensional Electric Fields and Drifts near the Magnetic Separatrix in Divertor Tokamak",
  journal       = pp,
  year          = "1999",
  volume        = "6",
  pages         = "1851",
  note          = "also see user manual at http://www.mfescience.org, then UEDGE link"
}

@Article{         rognlien02,
  author        = "T.~D. Rognlien and X.~Q. Xu and and A.C. Hindmarsh",
  title         = "Implementation of parallel implicit methods for edge-plasma numerical simulations",
  journal       = jcp,
  year          = "2002",
  volume        = "175",
  pages         = "249",
  note          = ""
}

@Article{         degas,
  author        = "D.~P. Stotler and C.~F~.F. Karney and M.~E. Rensink and
    T.~D. Rognlien",
  title         = "Coupling of Parallelized DEGAS 2 and UEDGE Code",
  journal       = "Contrib. Plasma Phys.",
  year          = "2000",
  volume        = "40",
  pages         = "221",
  note          = ""
}

@Article{         solps,
  author        = "R. Schneider and D. Coster and B. Braams and
    P. Xantopoulos and V. Rozhansky {\it et al.}",
  title         = "B2-solps5.0: SOL transport code with drifts and currents",
  journal       = "Contrib. Plasma Phys.",
  year          = "2000",
  volume        = "40",
  pages         = "328",
  note          = ""
}

@Article{         edge2d,
  author        = "A. Taroni and G. Corrigan and R. Simonini and {\it et al.}",
  title         = "",
  journal       = "J. Nucl. Mater.",
  year          = "1995",
  volume        = "220-222",
  pages         = "1086",
  note          = ""
}

@Article{         qin06,
  author        = "H. Qin",
  title         = "",
  journal       = "Contrib. Plasma Phys.",
  year          = "2006",
  volume        = "{\em to be published}",
  pages         = "",
  note          = ""
}

Z. Xiong, X.Q. Xu, B.I. Cohen, R. Cohen, M.R. Dorr, J.A. Hittinger, G.
Kerbel, W.M. Nevins, T. Rognlien, "Simulation of Plasma Transport in a
Toroidal Annulus with TEMPEST," Bull. Am. Phys. Soc. 50, 86 (2005) CP1
55

@Article{         tempest,
  author        = "Z. Xiong and X.Q. Xu and B.I. Cohen and R. Cohen and
	  M.R. Dorr and J.A. Hittinger and G.  Kerbel and W.M. Nevins and
	  T. Rognlien",
  title         = "Simulation of Plasma Transport in a Toroidal Annulus with TEMPEST",
  journal       = "Bull. Am. Phys. Soc. ",
  year          = "2005",
  volume        = "50",
  number        = "86",
  pages         = "CP1",
  note          = ""
}

@Article{         xgc,
  author        = "C.~S. Chang and S. Ku and H. Weitzner",
  title         = "Numerical study of neoclassical plasma pedestal in a tokamak geometry",
  journal       = pp,
  year          = "2004",
  volume        = "11",
  pages         = "2649",
  note          = ""
}

@Article{         ascot,
  author        = "J.~A. Heikkenin and T.~P. Kiviniemi and T. Kurki-Suonio",
  title         = "Particle simulation of the neoclassical plasmas",
  journal       = jcp,
  year          = "2001",
  volume        = "173",
  pages         = "527",
  note          = ""
}

@Article{         evans_mci,
  author        = "T.~E. Evans and D.~F. Finkenthal and M.~E. Fenstermacher and A.~W. Leonard and G.~D. Porter and W.~P. West",
  title         = "Quantitative comparisons between experimentally measured 2D carbon radiaton and the Monte Carlo impurity (MCI) code simulations",
  journal       = "J. Nucl. Mater.",
  year          = "1999",
  volume        = "266-269",
  pages         = "1034",
  note          = ""
}
@Article{         hscott,
  author        = "H.~A. Scott",
  title         = "Multigroup radiation transport model",
  journal       = "J. Quant. Spectrosc. Radia. Transfer",
  year          = "2001",
  volume        = "71(2-6)",
  pages         = "689",
  note          = ""
}

@Article{         brooks02,
  author        = "J.~N. Brooks",
  title         = "Modeling of sputtering erosion/redeposition - status and implications for fusion design",
  journal       = "Fusion Eng. Design",
  year          = "2002",
  volume        = "60",
  pages         = "515",
  note          = ""
}

@Article{         bout,
  author        = "X.~Q. Xu and R.~H. Cohen and T.~D. Rognlien and J.~R. Myra",
  title         = "Low-to-High Confinement Transition Simulations in
    Divertor Geometry",
  journal       = pp,
  year          = "2000",
  volume        = "7",
  pages         = "1951",
  note          = ""
}

@Article{         drbm,
  author        = "R.~G. Kleva, P.~N. Guzdar, W. Dorland",
  title         = "Edge transport and the low-to-high transition in tokamaks with D-shaped magnetic flux surfaces",
  journal       = pp,
  year          = "2004",
  volume        = "11",
  pages         = "4280",
  note          = ""
}

@Article{         gem3,
  author        = "B. Scott",
  title         = "Dynamical alignment in three species tokamak edge turbulence",
  journal       = pp,
  year          = "2005",
  volume        = "12",
  pages         = "082305",
  note          = ""
}

%%% Estep

@BOOK{eehj1,
        AUTHOR             = {K. Eriksson and D. Estep and P. Hansbo
and C. Johnson},
        ADDRESS            = {New York},
        PUBLISHER          = {Cambridge University Press},
        TITLE              = {Computational Differential Equations},
        YEAR               = {1996}
}

@ARTICLE{eehj2,
        AUTHOR             = {K. Eriksson and D. Estep and P. Hansbo and C. Johnson},
        JOURNAL            = {Acta Numerica},
        PAGES              = {105--158},
        TITLE              = {Introduction to adaptive methods for differential equations},
        YEAR               = {1995}
}

@ARTICLE{estep2,
    AUTHOR         = {D. Estep},
    JOURNAL        = {SIAM J. Numer. Anal.},
    TITLE              = {A posteriori error bounds and global error
                  control for approximations of ordinary
                  differential equations},
    VOLUME         = {32},
    YEAR               = {1995},
    PAGES              = {1--48}
}


@MISC{esteprdstab,
      AUTHOR                 = {D. Estep and T. King and D. Ropp and J. Shadid},
      TITLE              = {Detecting and countering instability in
      operator-splitting methods for reaction-diffusion
equations},
        YEAR               = {2005},
        NOTE               ={Preprint, Can be obtained from
        http://www.math.colostate.edu/$\sim$estep/index.html}
}

@MISC{esteprdstab2,
      AUTHOR                 = {D. Estep and V. Ginting and D. Ropp and J. Shadid},
      TITLE              = {A posteriori error estimation for operator splitting methods for reaction-diffusion equations},
        YEAR               = {2006},
        NOTE               ={{\em in preparation}}
}

@article{estlarwil00,
   AUTHOR = {Estep, Donald J. and Larson, Mats G. and Williams, Roy D.},
    TITLE = {Estimating the error of numerical solutions of systems of reaction-diffusion equations},
  JOURNAL = {Mem. Amer. Math. Soc},
     VOLUME = {146},
     YEAR = {2000},
    PAGES = {1--109}
}

@incollection{DawsonWheeler87,
   AUTHOR = {C. N. Dawson and M. F. Wheeler},
    TITLE = {An operator-splitting method for advection-diffusion reaction problems},
BOOKTITLE = {Mathematics of Finite Elements and Applications},
    PAGES = {463--482},
   VOLUME = {VI},
   EDITOR = {J. R. Whiteman},
PUBLISHER = {Academic Press},
  ADDRESS = {Boston, MA},
     YEAR = {1987},
}

@MISC{estepos1,
      AUTHOR                 = {V. Carey and D. Estep and S. Tavener},
      TITLE              = {[11]    A posteriori analysis of operator splitting in a coupled elliptic system I},
        YEAR               = {2006},
        NOTE               ={in preparation}
}


@MISC{estepneckels,
      AUTHOR                 = {D. Estep and D. Neckels},
      TITLE              = {Fast and Reliable Methods for Determining the Evolution of Uncertain Parameters in
Differential Equations},
        YEAR               = {2005},
        JOURNAL            = {Journal on Computational Physics},
        NOTE               ={To appear, can be obtained from
        http://www.math.colostate.edu/$\sim$estep/index.html}
}

@ARTICLE{beckerrannacher,
        AUTHOR             = {R. Becker and R. Rannacher},
        JOURNAL            = {Acta Numerica},
        PAGES              = {1--102},
        TITLE              = {An
Optimal Control Approach to A Posteriori Error Estimation in Finite Element
Methods},
        YEAR               = {2001}
}

@ARTICLE{gilesuli,
      AUTHOR                   = {M. Giles and E. S\"uli},
      JOURNAL             = {Acta Numerica},
      TITLE              = {Adjoint methods for PDEs: a posteriori error analysis
      and postprocessing by duality},
      YEAR               = {2002},
      PAGES              = {145--236}
}

@BOOK{rannacherbook,
        AUTHOR             = {W. Bangerth and R. Rannacher},
        ADDRESS            = {Boston},
        PUBLISHER          = {Birkhauser},
        TITLE              = {Adaptive Finite Element Methods for Differential
        Equations},
        YEAR               = {2003}
}

@BOOK{verwerhund,
        AUTHOR             = {W. Hundsdorfer and J. G. Verwer},
        ADDRESS            = {New York},
        PUBLISHER          = {Springer},
        TITLE              = {Numerical Solution of Time-Dependent Advection-Diffusion-Reaction Equations},
        YEAR               = {2003}
}

@BOOK{marchuk1,
        AUTHOR             = {G. I. Marchuk and V. I. Agoshkov and V. P. Shutyaev},
        ADDRESS            = {New York},
        PUBLISHER          = {CRC Press},
       TITLE              = {Adjoint Equations and Perturbation Algorithms in Nonlinear Problems},
        YEAR               = {1996}
}

@BOOK{marchuk2,
        AUTHOR             = {G. I. Marchuk},
        ADDRESS            = {Boston},
        PUBLISHER          = {Kluwer},
        TITLE              = {Adjoint Equations and Analysis of Complex Systems},
        YEAR               = {1995}
}

@INBOOK{handbook1,
   AUTHOR = {G. I. Marchuk},
    TITLE = {Splitting and Alternating Direction Methods},
BOOKTITLE = {Handbook of Numerical Analysis},
EDITORS   = {P. G. Ciarlet and J. L. Lions},
    PAGES = {197--464},
PUBLISHER = {North Holland},
  ADDRESS = {Amsterdam},
     YEAR = {1990},
}

% JRC - from hear down, let's keep alphabetized and of consistent
% style.

@ARTICLE{cai02,
  AUTHOR	= {X.-C. Cai and D. E. Keyes},
  TITLE		= {Nonlinearly Preconditioned Inexact Newton Algorithms},
  JOURNAL	= {SIAM J. Sci. Comput.},
  VOLUME 	= {24},
  PAGES		= {183-200},
  YEAR		= {2002}
}

@ARTICLE{dahlburg01,
  AUTHOR	= {J. Dahlburg and J. Corones and Donald Batchelor and
        Randall Bramley and Martin Greenwald and Stephen Jardin and
        Sergei Krasheninnikov and Alan Laub and
        Jean-Noel Leboeuf and John Lindl and William Lokke and
        Marshall Rosenbluth and David Ross and Dalton Schnack},
  TITLE		= {Fusion Simulation Project: Integrated Simulation and
        Optimization of Magnetic Fusion Systems},
  JOURNAL	= {J. Fusion Energy},
  VOLUME	= {20},
  PAGES		= {135},
  YEAR		= {2001}
}

@ARTICLE{post04,
  AUTHOR    = {D.E. Post and D.B. Batchelor and R.B. Bramley
        and J.R. Cary and R.H. Cohen and P. Colella and S.C. Jardin},
  TITLE     = {Report of the Fusion Simulation Project Steering Committee},
  JOURNAL   = {J. Fusion Energy},
  VOLUME    = {23},
  PAGES     = {1},
  YEAR      = {2004}
}

@MISC{park05,
  AUTHOR    = {J.M. Park and S.H. Kim and K.M. Kim and H.-S. Han and
        S.H. Hong},
  TITLE     = {Two-Dimensional Transport Simulations of KSTAR
        Tokamak in Coupled Region of Core, Edge Pedestal, and
        Scrape-off Layer},
  Note =         {$47^\mathrm{th}$ Annual Meeting of the Division of
	  Plasma Physics},
  YEAR      = {2005}
}

@article{staebler05,
  author  	= {G. M. Staebler and J.E. Kinsey and R.E. Waltz},
  title   	= {Gyro-Landau fluid equations for trapped and
		passing particles},
  JOURNAL	= {pp},
  VOLUME	= {12},
  PAGES		= {102508},
  year    	= 2005
}

@article{staebler06,
  author  	= {G. M. Staebler and J.E. Kinsey and R.E. Waltz},
  title   	= {A comprehensive theory based transport model},
  where		= {IAEA FEC},
  year    	= 2006
}

@InProceedings{McInnes:2006:PPS,
  author = 	 {Lois Curfman McInnes and Benjamin A. Allan and
                  Robert Armstrong and Steven J. Benson and David
                  E. Bernholdt and Tamara L. Dahlgren and Lori Freitag
                  Diachin and Manojkumar Krishnan and James A. Kohl
                  and J. Walter Larson and Sophia Lefantzi and Jarek
                  Nieplocha and Boyana Norris and Steven G. Parker and
                  Jaideep Ray and Shujia Zhou},
  title = 	 {Parallel {PDE}-Based Simulations Using the Common
                  Component Architecture},
  booktitle =	 {Numerical Solution of PDEs on Parallel Computers},
  year =	 {2006},
  editor =	 {Are Magnus Bruaset and Petter Bj\o{}rstad and Aslak
                  Tveito},
  publisher =	 {Springer-Verlag},
  series = {Lecture Notes in Computational Science and Engineering (LNCSE)},
  volume = {51},
  pages = {327--384},
  note =	 {Also Argonne National Laboratory
                  technical report ANL/MCS-P1179-0704},
  isbn = {3-540-29076-1},
  keywords	= {CCA, CCTTSS, ANL, SNL, ORNL, LLNL, PNNL, University of
		  Utah, Northrup Grumman/TASC}
}
@article{mahdavi2003,
author = {M. A. Mahdavi and R. Maingi and R. J. Groebner and A. W.
Leonard and T. H. Osborne and G. Porter},
collaboration = {},
title = {Physics of pedestal density profile formation and its impact on
H-mode density limit in burning plasmas},
publisher = {AIP},
year = {2003},
journal = {Physics of Plasmas},
volume = {10},
number = {10},
pages = {3984-3991},
keywords = {plasma density; plasma instability; plasma transport
processes; plasma boundary layers},
url = {http://link.aip.org/link/?PHP/10/3984/1}
}

@techreport{McInnes:2006:CQoS,
  title       = "Computational Quality of Service for Scientific {CCA} Applications:
                 Composition, Substitution, and Reconfiguration",
  author      = "Lois Curfman McInnes and Jaideep Ray and Rob Armstrong and
                 Tamara L. Dahlgren and Allen Malony and Boyana Norris and
                 Sameer Shende and Joseph P. Kenny and Johan Steensland",
  institution = "Argonne National Laboratory",
  number      = "ANL/MCS-P1326-0206",
  month       = "Feb",
  year        = 2006,
  note	      = {Available via \url{ftp://info.mcs.anl.gov/pub/tech_reports/reports/P1326.pdf}}
}
@Misc{lister,
  author={J. Lister},
  howpublished= {\url{http://crppwww.epfl.ch/~lister/euitmschemas/}}
}

@article{callen05a,
  title={Paleoclassical transport in low-collisionality toroidal plasmas},
  author={J.D. Callen},
  journal=pp,
  volume=12,
  year=2005,
  pages=092512
}

@article{callen05b,
  title={Paleoclassical electron heat transport},
  author={J.D. Callen},
  journal=nf,
  volume=45,
  year=2005,
  pages=1120
}

@article{callen10,
  title={Analysis of pedestal plasma transport},
  author={J.D. Callen and R.J. Groebner and T.H. Osborne and J.M. Canik and L.W. Owen and A.Y. Pankin and T. Rafiq and T.D. Rognlien and W.M. Stacey},
  journal=nf,
  volume=50,
  year=2010,
  pages=064004
}

@article{snyder08,
  title={Development and validation of a predictive model for the pedestal height},
  author={P.B. Snyder and R.J. Groebner and A.W. Leonard and T.H. Osborne and H.R. Wilson},
  journal=pp,
  volume=16,
  pages=056118,
  year=2009
}

@article{groebner09,
  title="Progress towards a predictive model for pedestal height in DIII-D",
  author={R.J. Groebner and A.W. Leonard and P.B. Snyder and T.H. Osborne and C.F. Maggi and M.E. Fenstermacher and C.C. Petty and L.W. Owen},
  journal=nf,
  volume=49,
  pages=085037,
  year=2009
}

@Article{candy:2009,
author    = {J. Candy and C. Holland and R.E. Waltz and M.R. Fahey and E. Belli},
title     = {Tokamak profile prediction using direct gyrokinetic and neoclassical
            simulation},
journal   = pp,
volume    = 16,
pages     = 060704,
year      = 2009}

@Article{staebler:2007,
author    = {G.M. Staebler and J.E. Kinsey and R.E. Waltz},
title     = {A theory-based transport model with comprehensive physics},
journal   = pp,
volume    = 14,
pages     = 055909,
year      = 2007}

@Article{sugama:1998,
author    = {H. Sugama and W. Horton},
title     = {Nonlinear electromagnetic gyrokinetic equation for plasmas
             with large mean flows},
journal   = pp,
volume    = 5,
pages     = 2560,
year      = 1998}

@inproceedings{pankin11a,
  author={A.Y. Pankin and J. Callen and J.R. Cary and R. Groebner and A. Hakim and S. Kruger and A. Pletzer and S. Shasharina and S. Vadlamani and R. Cohen and A.H. Kritz and T.D. Rognlien and T. Rafiq and {FACETS team}},
  title="Stress Tests of Transport Models Using FACETS Code",
  booktitle="AIP Proceedings: IFP-CNR-Chalmers workshop on nonlinear phenomena in fusion plasmas",
  month={July},
  year=2011,
  address={Varenna, Italy},
  pages={110-115}
}

@inproceedings{pankin11b,
    author = {A.Y Pankin and J. Candy and R. Groebner and J.R. Cary and A. Hakim and S. Kruger and A. Pletzer and S. Shasharina and S. Vadlamani and {FACETS team}},
    year = 2011,
    title={Verification Study of Electron Thermal Transport Driven by {ETG} Modes Near the H-Mode Pedestal in {DIII-D} Tokamak},
    booktitle="ITPA Pedestal Workshop",
    address={York, UK},
    month={October},
    howpublished="\url{https://portal.iter.org/departments/POP/ITPA/PEP/PEP/default.aspx?InstanceID=21}"
}

@inproceedings{pankin11c,
    author={A. Pankin and J. Callen and J. Cary and R. Cohen and R. Groebner and A. Hakim and A. Kritz and S. Kruger and A. Pletzer and T. Rafiq and T. Rognlien and S. Shasharina and S. Vadlamani and {FACETS Team}},
    title={Study of H-mode Pedestal Buildup Dynamics Using the {FACETS} Code},
    booktitle={13$^{\rm th}$ International Workshop on H-mode Physics and Transport Barriers},
    address={Oxford, UK},
    month={October},
    pages=101,
    year=2011
}

@article{pankin11d,
  author={Alexei Y. Pankin and Alex Pletzer and Srinath Vadlamani and John R. Cary and Ammar Hakim
          and Scott E. Kruger and Mahmood Miah and Thomas D. Rognlien and Svetlana Shasharina and
          and Glenn Bateman and Arnold H. Kritz and Tariq Rafiq and the FACETS team},
  year=2011,
  title={Simulation of anomalous transport in tokamaks using the {FACETS} code},
  journal={Computer Physics Communications},
  volume=182,
  pages={180-184}
}

@article{Jaeger2002,
  author={E. F. Jaeger and L. A. Berry and E. D'Azevedo and D. B. Batchelor and M. D. Carter
and K. F. White and H. Weitzner},
  year=2002,
  title={Advances in full-wave modeling of radio frequency heated, multidimensional plasmas},
  jpurnal={Physics of Plasmas},
  volume=9,
  pages={1873}
}

@inproceedings{Bonoli2010,
    author={P. T. Bonoli and A. Bader and N. Tsujii and R. W. Harvey and E. F. Jaeger and
D. B. Batchelor and L. A. Berry and Y. Lin and R. Parker and M. Porkolab and J. C. Wright and
S. J. Wukitch and the Alcator C-Mod Team},
    title={Validation of simulation capability for RF wave propagation and absorption in the ion
cyclotron range of frequencies on Alcator C-Mod},
    booktitle={23$^{\rm rd}$ IAEA Fusion Energy Conference},
    address={Daejeon, Korea},
    month={October},
    pages={Paper THW/P7-01},
    year=2011
}

@inproceedings{Bader2011,
    author={A. Bader and P. T. Bonoli and R. Granetz and R. W. Harvey and E. F. Jaeger and
R. Parker and S. J. Wukitch and L. Berry and J. Wright},
    title={Fast ions on Alcator C-Mod: Comparison between Simulation and Experiment for Equilibrium and
 Evolving Distributions},
    booktitle={19$^{\rm th}$ Topical Conference on Radio Frequency Power in Plasmas},
    address={Newport, Rhode Island},
    month={June},
    pages={Paper A50},
    year=2011
}

@inproceedings{Harvey1992,
    author={R. W. Harvey and M. McCoy},
    title={The CQL3D Fokker Planck Code},
    booktitle={Proceedings of the IAEA Technical Committee Meeting on Simulation and Modeling
of Thermonuclear Plasmas},
    address={Montreal, Canada},
    month={June},
    pages={489-526},
    year=1992
}

@inproceedings{Harvey2011,
    author={R. W. Harvey and Yu. V. Petrov and D. L. Green and E. F. Jaeger and P. T. Bonoli and
 D. B. Batchelor and L. A. Berry and J. C. Wright and A. Bader and the RF-SciDAC Group},
    title={Comparison of Quasi-linear and Exact Ion Cyclotron Resonant Heating Diffusion,
With and Without Finite Width Ion Orbits},
    booktitle={19$^{\rm th}$ Topical Conference on Radio Frequency Power in Plasmas},
    address={Newport, Rhode Island},
    month={June},
    pages={Paper THW P7-09},
    year=2011
}

@article{Batchelor2009,
  author={D. Batchelor and G. Abla and E. D'Azevedo and G. Bateman and D. E. Bernholdt and
L. Berry and P. Bonoli and R. Bramley and J. Breslau and M. Chance and J. Chen and M. Choi and
W. Elwasif and S. Foley and G. Fu and R. Harvey and E. Jaeger and S. Jardin and T. Jenkins and
D. Keyes and S. Klasky and S. Kruger and L. Ku and V. Lynch and D. McCune and J. Ramos and
D. Schissel and D. Schnack and J. Wright},
  year=2009,
  title={Advances in simulation of wave interactions with extended MHD phenomena},
  journal={Journal of Physics Conference Series},
  volume=180,
  pages={012054}
}

@article{Goldston1981,
  author={R. J. Goldston and D. C. McCune and H. H. Towner and S. L. Davis and R. J. Hawryluk
and G. L. Schmidt},
  year=1981,
  title={New Techniques for Calculating Heat and Particle Source Rates due to Neutral Beam
Injection in Axisymmetric Tokamaks},
  journal={Journal of Computational Physics},
  volume=43,
  pages={61}
}

@article{Jardin1986,
  author={S. C. Jardin and N. Pomphrey and J. Delucia},
  year=1986,
  title={Dynamic Modeling of Transport and Positional Control of Tokamaks},
  journal={Journal of Computational Physics},
  volume=66,
  pages={481-507}
}

@article{Brambilla1999,
  author={M. Brambilla},
  year=1999,
  title={Numerical simulation of ion cyclotron waves in tokamak plasmas},
  journal={Plasma Physics and Controlled Fusion},
  volume=41,
  pages={1-34}
}
@article{Callen:2010wj,
author = {Callen, J. D. and Hegna, C. C. and Cole, A. J.},
title = {{Transport equations in tokamak plasmas}},
journal = {Physics of plasmas},
year = {2010},
volume = {17},
pages = {056113}
}

@article{parra:2008,
author = {F.I. Parra and P.J. Catto},
title = {Limitations of gyrokinetics on transport time scales},
journal = ppcf,
volume = 51,
pages = 065014,
year = 2008}

@article{parra:2010,
author = {F.I. Parra and and P.J. Catto},
title = {Turbulent transport of toroidal angular momentum in low flow gyrokinetics},
journal = ppcf,
volume = 52,
pages = 059801,
year = 2010}

@article{solomon:2011,
author = {W.M. Solomon and K.H. Burrell and J.S. deGrassie and J.A. Boedo 
and A.M. Garofalo and R.A. Moyer and S.H. Muller and C.C. Petty and 
H. Reimerdes},
title = {Characterization of intrinsic rotation drive on {{DIII-D}}},
journal = nf,
volume = 51,
pages = 073010,
year = 2011}

@article{Parra:2009ct,
author = {Parra, Felix I and Catto, Peter J},
title = {{Vorticity and intrinsic ambipolarity in turbulent tokamaks}},
journal = {Plasma Physics and Controlled Fusion},
year = {2009},
volume = {51},
number = {9},
pages = {095008},
month = aug
}
@article{Staebler:1994p1998,
   author = {G. M Staebler and Fred L Hinton and J. C Wiley and R. R Dominguez and C. M Greenfield and P Gohil and T. K Kurki-Suonio and T. H Osborne},
   journal = {Phys. Plasmas},
   title = {High and very high modes from energy, particle, and momentum transport models},
   pages = {909},
   volume = {1},
   year = {1994},
   month = {Apr},
}

@Misc{ofesRenew,
  key =      {DOE},
  author = {{U.S. Department of Energy}},
  year = 2009,
  title =    {{Magnetic Fusion Energy Sciences ReNeW Workshop Report}},
  howpublished = {\url{http://www.sc.doe.gov/ofes/ReNeW%20report%20press.pdf}}
}

@article{Staebler:2007p336,
   author = {G. M Staebler and J. E Kinsey and R. E Waltz},
   journal = {Phys. Plasmas},
   title = {A theory-based transport model with comprehensive physics},
   number = {5},
   pages = {055909},
   volume = {14},
   year = {2007},
   month = {Jan},
}

@article{Kinsey:2008p393,
   author = {J. E Kinsey and G. M Staebler and R. E Waltz},
   journal = {Phys. Plasmas},
   title = {The first transport code simulations using the trapped gyro-Landau-fluid model},
   number = {5},
   pages = {055908},
   volume = {15},
   year = {2008},
   month = {Jan},
}

@article{kotschenreuther:2381,
author = {M. Kotschenreuther and W. Dorland and M. A. Beer and G. W. Hammett},
collaboration = {},
title = {Quantitative predictions of tokamak energy confinement from first-principles simulations with kinetic effects},
publisher = {AIP},
year = {1995},
journal = {Physics of Plasmas},
volume = {2},
number = {6},
pages = {2381-2389},
}


@article{Bourdelle:2007p1058,
author = {C Bourdelle and X Garbet and F Imbeaux and A Casati and N Dubuit and R Guirlet and T Parisot},
journal = {Phys. Plasmas},
title = {A new gyrokinetic quasilinear transport model applied to particle transport in tokamak plasmas},
number = {11},
pages = {112501},
volume = {14},
year = {2007},
month = {Jan},
}

@article{bateman:2355,
   author = {Glenn Bateman and Arnold H. Kritz and Jon E. Kinsey and Aaron J. Redd},
   title = {Multi-Mode transport modeling of the International Thermonuclear Experimental Reactor ({ITER})},
   publisher = {AIP},
   year = {1998},
   journal = {Physics of Plasmas},
   volume = {5},
   number = {6},
   pages = {2355-2362},
}

@article{Weiland:2009p3473,
   author = {J Weiland and R Singh and H Nordman and P Kaw and A.G Peeters and D Strinzi},
   journal = {Nucl. Fusion},
   title = {Symmetry breaking effects of toroidicity on toroidal momentum transport},
   number = {6},
   pages = {065033},
   volume = {49},
   year = {2009},
   month = {May},
}

@article{Solomon:2009p4062,
   author = {W. M Solomon and K. H Burrell and A. M Garofalo and A. J Cole and Robert V Budny and J. S de Grassie and W. W Heidbrink and G. L Jackson and M. J Lanctot and R Nazikian and H Reimerdes and E. J Strait and M. A Van Zeeland and the DIII-D Rotation Physics Task Force},
   journal = {Nucl. Fusion},
   title = {Advances in understanding the generation and evolution of the toroidal rotation profile on DIII-D},
   pages = {5005},
   volume = {49},
   year = {2009},
   month = {Aug},
}

@article{Waltz:2007p4279,
author = {RE Waltz and GM Staebler and J Candy and FL Hinton},
journal = {Phys. Plasmas},
title = {Gyrokinetic theory and simulation of angular momentum transport},
pages = {122507},
volume = {14},
year = {2007}
}

@article{Jenkins:2010p012502,
author = {T. G. Jenkins and S. E. Kruger and C. C. Hegna and D. D.
Schnack and Carl R. Sovinec},
journal = {Phys. Plasmas},
title = {Calculating electron cyclotron current
drive stabilization of resistive tearing modes in a nonlinear
magnetohydrodynamic model},
pages = {012502},
volume = {17},
year = {2010}
}

@article{Pletzer:1999p1589,
author = {A. Pletzer and F. W. Perkins},
journal = {Phys. Plasmas},
title = {Stabilization of
neoclassical tearing modes using a continuous localized current drive},
pages = {1589},
volume = {6},
year = {1999}
}

@article{kim:384,
	author = {Y. B. Kim and P. H. Diamond and H. Biglari and J. D.
		Callen},
	title = {Theory of neoclassical ion temperature-gradient-driven
		turbulence},
	publisher = {AIP},
	year = {1991},
	journal = {Physics of Fluids B: Plasma Physics},
	volume = {3},
	number = {2},
	pages = {384-394}
}

@article{Burrell:1997p633,
author = {K. H Burrell},
journal = {Phys. Plasmas},
title = {{Effects of $E \times B$ velocity shear and magnetic shear on
turbulence and transport in magnetic confinement devices}},
pages = {1499},
volume = {4},
year = {1997},
month = {May}
}

@article{Borrass1991,
  author={K. Borrass},
  year=1991,
  title={Disruptive tokamak density limite as scrape-off layer/divertor phenomena}, 
  journal={Nuclear Fusion},
  volume=11,
  pages={1035-1051}
}

@article{Greenwald1988,
  author={M. Greenwald and J.L. Terry and S.M. Wolfe and S. Ejima and M.G. Bell and
  S.M. Kaye and G.H. Neilson},
  year=1988,
  title={Density limits in tokamaks????}, 
  journal={Nuclear Fusion},
  volume=28,
  pages={2199}
}
@article{mccune-private,
  author={D.C. McCune},
  journal={private communication}
}


@Misc{FSPcomponents,
  key = {FSPcomponents},
  title ="{F}usion {S}imulation {P}roject ({FSP}) Components {W}eb {S}ite",
  howpublished="\url{http://fspcomp.web.lehigh.edu/index.php?title=Main_Page}"
}


@Misc{FSP,
  key = {FSP},
  title ="{F}usion {S}imulation {P}roject ({FSP}) {W}eb {S}ite",
  howpublished="\url{http://www.pppl.gov/fsp/}"
}

@Misc{poli2011,
  key = {poli2011},
  author={F.M. Poli and C.E. Kessel and M.S. Chance and S.C. Jardin and J. Manickam},
  title = "Ideal MHD Stability and Performance of ITER Steady State Scenarios With ITBs",
  howpublished="PPPL-4690, Princeton Plasma Physics Laboratory (2011)"
}


@article{KesselJr:2007cn,
author = {Kessel Jr, C. E. and Giruzzi, G. and Sips, A. C. C. and Budny, R. V. and Artaud, J. F. and Basiuk, V. and Imbeaux, F. and Joffrin, E. and Schneider, M. and Murakami, M. and Luce, T. and St John, H. and Oikawa, T. and Hayashi, N. and Takizuka, T. and Ozeki, T. and Na, Y.-S. and Park, J. M. and Garcia, J. and Tucillo, A. A.},
title = {{Simulation of the hybrid and steady state advanced operating modes in ITER}},
journal = {Nuclear Fusion},
year = {2007},
volume = {47},
pages = {1274},
month = sep
}

@article{Zohm:2003ci,
author = {Zohm, H and Gantenbein, G and Isayama, A and Keller, A and La Haye, R J and Maraschek, ME and M{\"u}ck, A and Nagasaki, K and Pinches, S D and Strait, E J},
title = {{MHD limits to tokamak operation and their control}},
journal = {Plasma Physics and Controlled Fusion},
year = {2003},
volume = {45},
pages = {163},
month = dec
}

@article{Houlberg:1990un,
author = {Houlberg, W. A. and Ross, D. W. and Bateman, G. and Cowley, S. C. and Efthimion, P. C. and Pfeiffer, W. W. and Porter, G. D. and Shumaker, D. E. and Sugiyama, L. E. and Wiley, J. C.},
title = {{Modeling transport in toroidal plasmas: Status and issues}},
journal = {Physics of Fluids B},
year = {1990},
volume = {2},
pages = {2913}
}

@article{Guillerminet2008442,
title = "Integrated tokamak modelling: Infrastructure and Software Integration Project",
journal = "Fusion Engineering and Design",
volume = "83",
number = "2-3",
pages = "442 - 447",
year = "2008",
note = "<ce:title>Proceedings of the 6th IAEA Technical Meeting on Control, Data Acquisition, and Remote Participation for Fusion Research</ce:title>",
url = "http://www.sciencedirect.com/science/article/pii/S0920379607005121",
author = "B. Guillerminet and M. Airaj and P. Huynh and G. Huysmans and F. Iannone and F. Imbeaux and J.B. Lister and G. Manduchi and P. Strand",
}
@Misc{euforia,
  key = {EUFORIA},
  title ={EU Fusion fOR Iter Applications},
  howpublished="\url{http://www.euforia-project.eu/EUFORIA/}"
}

@article{Fukuyama2005,
   author = {{Fukuyama}, A. and {Yagi}, M.},
    title = "{Burning Plasma Simulation Initiative and Its Recent Progress}",
  journal = {Journal of Plasma and Fusion Research},
     year = 2005,
   volume = 81,
    pages = {747-754},
      doi = {10.1585/jspf.81.747}
}

@article{Budny:2009p4065,
   author = {Robert V Budny}, 
   journal = {Nucl. Fusion},
   title = {Comparisons of predicted plasma performance in {ITER} {H}-mode plasmas with various mixes of external heating},
   pages = {5008},
   volume = {49},
   year = {2009},
   month = {Aug}
}


@article{CallenNF2011,
  author={J.D. Callen},
  title={Effects of 3D magnetic perturbations on toroidal plasmas},
  journal={Nuclear Fusion},
  volume={51},
  number={9},
  pages={094026},
  url={http://stacks.iop.org/0029-5515/51/i=9/a=094026},
  year={2011}
}
	
@article{snyder11a,
  author={P.B. Snyder and R.J. Groebner and J.W. Hughes and T.H. Osborne and M. Beurskens and A.W. Leonard and H.R. Wilson and X.Q. Xu},
  title={A first-principles predictive model of the pedestal height and width: development, testing and {ITER} optimization with the {EPED} model},
  year=2011,
  journal=nf,
  volume=51,
  pages=103016
}

@article{onjun03a,
author="Thawatchai Onjun and Arnold H.~Kritz and Glenn Bateman and
Vassili Parail and Howard Wilson and Johnny {L\"onnroth} and
Guido Huysmans and Alex Dnestrovskij",
title="Stability Analysis of {H-mode} Pedestal and {ELMs} in
{JET} Power Scan",
year="2004",
journal="Phys.~Plasmas.", volume="11", pages="1469--1475",
annote="PoP-27656, 13 November 2003"
}

@article{onjun01a,
author = "T.~Onjun and G.~Bateman and A.~H.~ Kritz
and G.~Hammett",
title = "Models for the pedestal temperature at the edge of
{H-mode} tokamak plasmas",
journal="Phys.~Plasmas", volume="9", year = "2002", pages="5018--5030"}

@misc{callen11a,
  title={Pedestal Structure Model},
  author={J.D. Callen and J.M. Canik and S.P. Smith}, 
  year=2011,
  howpublished={University of Wisconsin Preprint UW-CPTC 11-3},
  publisher={University of Wisconsin},
  url={http://www.cptc.wisc.edu/reports/UW-CPTC_11-3.pdf}
}

@inproceedings{guzdar04,
  title={Theory and Theory-Based Models for the Pedestal,Edge Stability and {ELMs} in Tokamaks},
  author={P.N. Guzdar and S.M. Mahajan and Z. Yoshida and W. Dorland and B.N. Rogers and G. Bateman and A.H. Kritz and A. Pankin and
I. Voitsekhovitch and T.  Onjun and S. Snyder},
  booktitle={Proc. of 20th IAEA Fusion Energy Conference (Villamoura, Portugal)},
  year=2004,
  month={November},
  pages="TH/5-4"
}

@inproceedings{fundamenski11a,
  author={W. Fundamenski and F.Militello and D.Moulton and D.C. McDonald},
  title={A new model of the L-H transition in tokamaks},
  booktitle={Proc. of H-Mode Workshop (Oxford, UK)},
  year=2011,
  month={October},
  pages="P3.14"
}
@article{Fitzpatrick:1993vi,
author = {Fitzpatrick, Richard},
title = {{Interaction of tearing modes with external structures in cylindrical geometry}},
journal = {Nuclear Fusion},
year = {1993},
volume = {33},
pages = {1049}
}
@article{Cole:2008dj,
author = {Cole, A. and Hegna, C. C. and Callen, J. D.},
title = {{Neoclassical toroidal viscosity and error-field penetration in tokamaks}},
journal = {Physics of plasmas},
year = {2008},
volume = {15},
number = {5},
pages = {056102}
}
@inproceedings{bateman08a,
  author={G. Bateman and F.D. Halpern and A.H. Kritz and A.Y. Pankin and T. Rafiq and R.V. Budny and D.C. McCune and J. Kinsey and I. Voitsekhovitch and J. Weiland and {JET-EFDA Contributors}},
  year=2008,
  title={Integrated Modeling Simulations of Toroidal Momentum Transport in Tokamaks},
  booktitle={Proc. of 22nd IAEA Fusion Energy Conf. (Geneva, Switzerland)},
  month={October},
  pages="TH/P8-35"
}

@article{halpern08,
  author={F.D. Halpern and A.H. Kritz and G. Bateman and A.Y. Pankin and R.V. Budny and D.C. McCune},
  year=2008,
  title={Predictive simulations of {ITER} including neutral beam driven toroidal rotation}, 
  journal=pp,
  volume=15, 
  pages=062505
}

@misc{kritz11a,
  author={A.H. Kritz and T. Rafiq and C. Kessel and G. Bateman and D.C. McCune and R.V. Budny and A.Y. Pankin},
  title={Integrated Modeling for Prediction of Optimized {ITER} Performance},
  year=2011,
  howpublished="Accepted for publication in Nuclear Fusion"
}
@article{deVries:2009fv,
author = {de Vries, P. C. and Johnson, M. F. and Segui, I.},
title = {{Statistical analysis of disruptions in JET}},
journal = {Nuclear Fusion},
year = {2009},
volume = {49},
number = {5},
pages = {055011},
month = apr
}
@article{Xu:2003te,
author = {X.~Xu and W.M.~Nevins and T.D.~Rognlien and R.H.~Bulmer and M.~Greenwald and A.~Mahdavi and L.D.~Pearlstein and P.~Snyder},
title = {{Transitions of turbulence in plasma density limits}},
journal = {Physics of plasmas},
year = {2003},
volume = {10},
pages = {1773}
}

@Article{candy:2003,
author    = {J. Candy and R.E. Waltz},
title     = {An {{Eulerian gyrokinetic-Maxwell}} solver},
journal   = jcp,
volume    = 186,
pages     = 545,
year      = 2003}

@article{barnes:2010,
author = {Barnes, M. and Abel, I. G. and Dorland, W. and G{\"o}rler, T. and Hammett, G. W. and Jenko, F.},
title = {{Direct multiscale coupling of a transport code to gyrokinetic turbulence codes}},
journal = {Physics of plasmas},
year = {2010},
volume = {17},
pages = {056109}
}
@article{belli:2008,
author = {Belli, E. A. and Candy, J. M.},
title = {{Kinetic calculation of neoclassical transport including self-consistent electron and impurity dynamics}},
journal = {Plasma Physics and Controlled Fusion},
year = {2008},
volume = {50},
number = {9},
pages = {095010},
month = jul
}
@article{Dudson:2009tf,
author = {Dudson, B. D. and Umansky, M. V. and Xu, X. Q. and Snyder, P. B. and Wilson, H. R.},
title = {{BOUT++: A framework for parallel plasma fluid simulations}},
journal = {Computer Physics Communications},
year = {2009},
volume = {180},
number = {9},
pages = {1467--1480}
}
@Article{isolver,
  author        = {D. McCune and R. Andre and E. Feibush and M.
    Gorelenkova and K. Indireshkumar and C. Ludescher-Furth and L.
    Randerson and G. Bateman and A. Kritz and H. St. John},
  title         = {Status of TRANSP},
  journal       = "Bull. Am. Phys. Soc. ",
  year          = "2010",
  volume        = "55",
  number        = "15",
  pages         = "BP9.00092",
  url         = "http://meetings.aps.org/Meeting/DPP10/Event/130106",
  note          = ""
}
@article{Ramos:2010ft,
  author = {Ramos, J J},
  title = {{Fluid and drift-kinetic description of a magnetized plasma with low collisionality and slow dynamics orderings. I. Electron theory}},
  journal = {Physics of Plasmas},
  year = {2010},
  volume = {17},
  number = {8},
  pages = {082502}
}

@article{Ramos:2008im,
  author = {Ramos, Jesu{\`\i} S J},
  title = {{Finite-Larmor-radius kinetic theory of a magnetized plasma in the macroscopic flow reference frame}},
  journal = {Physics of plasmas},
  year = {2008},
  volume = {15},
  number = {8},
  pages = {082106}
}

@article{Ramos:2007cn,
  author = {Ramos, J J},
  title = {{Fluid theory of magnetized plasma dynamics at low collisionality}},
  journal = {Physics of plasmas},
  year = {2007},
  volume = {14},
  pages = {2506},
  month = {may}
}

@article{Ramos:2005ko,
  author = {Ramos, Jesu{\`\i} S J},
  title = {{On the numerical treatment of an ordinary differential equation arising in one-dimensional non-Fickian diffusion problems}},
  journal = {Computer Physics Communications},
  year = {2005},
  volume = {170},
  pages = {231},
  month = {aug}
}

@article{Ramos:2005cn,
  author = {Ramos, Jesu{\`\i} S J},
  title = {{General expression of the gyroviscous force}},
  journal = {Physics of plasmas},
  year = {2005},
  volume = {12},
  number = {11},
  pages = {112301}
}

@article{Ramos:2005ci,
  author = {Ramos, Jesu{\`\i} S J},
  title = {{Fluid formalism for collisionless magnetized plasmas}},
  journal = {Physics of plasmas},
  year = {2005},
  volume = {12},
  number = {5},
  pages = {052102}
}
@article{HEGNA:2009gq,
  author = {Hegna, C. C. and Callen, J. D.},
  title = {{A closure scheme for modeling rf modifications to the fluid equations}},
  journal = {Physics of plasmas},
  year = {2009},
  volume = {16},
  number = {11},
  pages = {112501}
}

@article{Pigarov09,
  author = {Pigarov, A. Y. and Krasheninnikov, S. I.},
  title = {Coupled plasma-wall modeling},
  journal = {Journal of Nuclear Materials},
  year = {2009},
  volume = {390-391},
  pages = {192}
}

@article{Pigarov11a,
  author = {Pigarov, A. Y. and Krstic, P. and Krasheninnikov, S. I. and Doerner, R. and Rognlien, T. D.},
  title = {Dynamic models for plasma-wall interactions},
  journal = {submitted to Contrib. Plasma Physics},
  howpublished="Submitted",
  year = {2011}
}

@article{Pigarov11b,
  author = {Pigarov A Yu, Krasheninnikov S I, Rognlien T D},
  title = {New approach in two-dimensional fluid modeling of edge plasma
transport with high intermittency due to blobs and ELMs},
  journal = {Physics of Plasmas},
  year = {2011},
  volume = {18},
  pages = {092503}
}

@article{Takeda:1991wo,
author = {Takeda, T. and Tokuda, S.},
title = {{Computation of MHD equilibrium of tokamak plasma}},
journal = {Journal of Computational Physics},
year = {1991},
volume = {93},
number = {1},
pages = {1--107}
}

@article{jardin2011,
author = {Jardin, S.},
title = {Review of implicit methods for the magnetohydrodynamic
description of magnetically confined plasmas},
journal = {Journal of Computational Physics},
year = {2011},
volume = {},
number = {},
pages = {doi:10.1016/j.jcp.2010.12.025}
}


@article{ignat1994,
author = {Ignat D. and Valeo E. and Jardin S.},
title = {Dynamic Modeling of Lower-Hybrid Current Drive},
journal = {Nuclear Fusion},
year = {1994},
volume = {34},
number = {6},
pages = {837-852}
}

@article{PTRANSP},
author = {D. McCune and R. Andre and E. Feibush and M. Gorelenkova and C. Ludescher-Furth},
title = {Status of TRANSP/PTRANSP},
journal = {Bull. Am. Phys. Soc.},
year = {2011},
volume = {56},
number = {16},
pages = {JP.9.00138}
}

@misc{terry08,
	title={Validation in Fusion Research: Towards Guidelines and Best Practices},
	author={P.W.~Terry and M.~Greenwald and J.-N.~Leboeuf and G.R.~McKee and D.R.~Mikkelsen and W.M.~Nevins and D.E.~Newman and D.P.~Stotler},
	howpublished={arXiv:0801.2787v1 [physics.plasm-ph]},
	year=2008
}

@article{camenen09,
  title = {Transport of Parallel Momentum Induced by Current-Symmetry Breaking in Toroidal Plasmas},
  month = {Mar},
  doi = {10.1103/PhysRevLett.102.125001},
  author = {Camenen, Y. and Peeters, A. G. and Angioni, C. and Casson, F. J. and Hornsby, W. A. and Snodin, A. P. and Strintzi, D.},
  year = {2009},
  issue = {12},
  url = {http://link.aps.org/doi/10.1103/PhysRevLett.102.125001},
  numpages = {4},
  journal = {Phys. Rev. Lett.},
  publisher = {American Physical Society},
  pages = {125001},
  volume = {102}
}

@article{peeters07,
  title = {Toroidal Momentum Pinch Velocity due to the Coriolis Drift Effect on Small Scale Instabilities in a Toroidal Plasma},
  month = {Jun},
  doi = {10.1103/PhysRevLett.98.265003},
  author = {Peeters, A. G. and Angioni, C. and Strintzi, D.},
  year = {2007},
  issue = {26},
  url = {http://link.aps.org/doi/10.1103/PhysRevLett.98.265003},
  numpages = {4},
  journal = {Phys. Rev. Lett.},
  publisher = {American Physical Society},
  pages = {265003},
  volume = {98}
}

@article{parra11,
  title = {Momentum Injection in Tokamak Plasmas and Transitions to Reduced Transport},
  month = {Mar},
  doi = {10.1103/PhysRevLett.106.115004},
  author = {Parra, F. I. and Barnes, M. and Highcock, E. G. and Schekochihin, A. A. and Cowley, S. C.},
  year = {2011},
  issue = {11},
  url = {http://link.aps.org/doi/10.1103/PhysRevLett.106.115004},
  numpages = {4},
  journal = {Phys. Rev. Lett.},
  publisher = {American Physical Society},
  pages = {115004},
  volume = {106}
}

@article{gurcan10,
title={Residual parallel Reynolds stress due to turbulence intensity gradient in tokamak plasmas},
author={\:O.D. G\:urcan and P.H. Diamond and P. Hennequin and C.J. McDevitt and X. Garbet and C. Bourdelle},
journal=pp,
volume=17, 
pages=112309,
year=2010
}

@article{hahm07,
author={T.S. Hahm and P.H. Diamond and \:O.D. G\:urcan and G. Rewoldt},
title={Nonlinear gyrokinetic theory of toroidal momentum pinch},
journal=pp,
volume=14, 
pages=072302,
year=2007
}

@article{diamond08,
author={P.H. Diamond and C.J. McDevitt and \:O.D. G\:urcan and T.S. Hahm and V. Naulin}, 
title={Transport of parallel momentum by collisionless drift wave turbulence},
journal=pp,
volume=15, 
pages=012303,
year=2008
}

@article{coppy02,
author={B. Coppi}, 
title={Accretion theory of `spontaneous' rotation in toroidal plasmas},
journal=nf,
volume=42, 
yaer=2002
}

@article{solomon10,
author={W.M. Solomon and K.H. Burrell and A.M. Garofalo and S.M. Kaye and R.E. Bell and A.J. Cole and J.S. deGrassie and P.H. Diamond and T.S. Hahm and G.L. Jackson and M.J. Lanctot and C.C. Petty and H. Reimerdes and S.A. Sabbagh and E.J. Strait and T. Tala and R.E. Waltz}, 
title={Mechanisms for generating toroidal rotation in tokamaks without external momentum input},
journal=pp,
volume=17, 
pages=056108,
year=2010
}

  	
@article{peeters11,
  author={A.G. Peeters and C. Angioni and A. Bortolon and Y. Camenen and F.J. Casson and B. Duval and L. Fiederspiel and W.A. Hornsby and Y.
Idomura and T. Hein and N. Kluy and P. Mantica and F.I. Parra and A.P. Snodin and G. Szepesi and D. Strintzi and T. Tala and G.
Tardini and P. de Vries and J. Weiland},
  title={Overview of toroidal momentum transport},
  journal={Nuclear Fusion},
  volume={51},
  number={9},
  pages={094027},
  url={http://stacks.iop.org/0029-5515/51/i=9/a=094027},
  year={2011},
  abstract={Toroidal momentum transport mechanisms are reviewed and put in a broader perspective. The generation of a finite momentum flux is closely related to the breaking of symmetry (parity) along the field. The symmetry argument allows for the systematic identification of possible transport mechanisms. Those that appear to lowest order in the normalized Larmor radius (the diagonal part, Coriolis pinch, E × B shearing, particle flux, and up–down asymmetric equilibria) are reasonably well understood. At higher order, expected to be of importance in the plasma edge, the theory is still under development.}
}

@article{muller11,
  title = {Experimental Investigation of the Role of Fluid Turbulent Stresses and Edge Plasma Flows for Intrinsic Rotation Generation in DIII-D $H$-Mode Plasmas},
  month = {Mar},
  doi = {10.1103/PhysRevLett.106.115001},
  author = {M\"uller, S. H. and Boedo, J. A. and Burrell, K. H. and deGrassie, J. S. and Moyer, R. A. and Rudakov, D. L. and Solomon, W. M.},
  year = {2011},
  issue = {11},
  url = {http://link.aps.org/doi/10.1103/PhysRevLett.106.115001},
  numpages = {4},
  journal = {Phys. Rev. Lett.},
  publisher = {American Physical Society},
  pages = {115001},
  volume = {106}
}

@article{waltz11,
author={R.E. Waltz and G.M. Staebler and W. M. Solomon},
title={Gyrokinetic simulation of momentum transport with residual stress from diamagnetic level velocity shears},
journal=pp,
volume=18, 
pages=042504,
year=2011
}

@article{stabler11,
author={G.M. Staebler and R. E. Waltz and J. E. Kinsey},
title={Discoveries from the exploration of gyrokinetic momentum transport},
journal={Phys. Plasmas},
volume=18, 
pages=056106,
yaer=2011
}


@article{Buttery:2004en,
author = {Buttery, R. J. and Hender, T. C. and Howell, D. F. and LaHaye, R. J. and Parris, S. and Sauter, O. and Windsor, C. G. and Contributors, {The JET EFDA}},
title = {{On the form of NTM onset scalings}},
journal = {Nuclear Fusion},
year = {2004},
volume = {44},
number = {5},
pages = {678--685},
month = apr
}

@article{sugama11,
  author={H. Sugama and T.H. Watanabe and M. Nunami and S. Nishimura},
  title={Momentum balance and radial electric fields in axisymmetric and nonaxisymmetric toroidal plasmas},
  journal=ppcf,
  year=2011,
  volume=53,
  pages={024004}
}

@article{Heidbrink:2008eg,
author = {Heidbrink, W W},
title = {{Basic physics of Alfven instabilities driven by energetic particles in toroidally confined plasmas}},
journal = {Physics of plasmas},
year = {2008},
volume = {15},
number = {5},
pages = {055501}
}
@article{Blum:2011hx,
author = {Blum, J. and Boulbe, C. and Faugeras, B.},
title = {{Reconstruction of the equilibrium of the plasma in a Tokamak and identification of the current density profile in real time}},
journal = {Journal of Computational Physics},
year = {2011},
pages = {1--21},
month = may
}

@article{lao85,
  author={L.L. Lao and H. St. John and R.D. Stambaugh and A.G. Kellman and W. Pfeiffer},
  title={Reconstruction of current profile parameters and plasma shapes in tokamaks},
  journal={Nuclear Fusion},
  volume={25},
  number={11},
  pages={1611},
  url={http://stacks.iop.org/0029-5515/25/i=11/a=007},
  year={1985}
}

@article{hirshman1983,
  author={S. P. Hirshman and J. C. Whitson},
  title={Steepest-descent moment method for three-dimensional magnetohydrodynamic equilibria},
  journal={Physics of Fluids},
  volume={28},
  pages={3553},
  year={1983}
}

@article{delucia1980,
  author={J. DeLucia and S. C. Jardin and A.M.M. Todd},
  title={An iterative metric method for solving the inverse tokamak equilibrium problem},
  journal={jcp},
  volume={37},
  pages={183-204},
  year={1980}
}

@article{del-Castillo-Negrete:2007,
 author = {del-Castillo-Negrete, D. and Hirshman, S. P. and Spong, D. A. and D'Azevedo, E. F.},
 title = {Compression of magnetohydrodynamic simulation data using singular value decomposition},
 journal = {J. Comput. Phys.},
 volume = {222},
 issue = {1},
 month = {March},
 year = {2007},
 issn = {0021-9991},
 pages = {265--286},
 numpages = {22},
 url = {http://dl.acm.org/citation.cfm?id=1225314.1225647},
 doi = {10.1016/j.jcp.2006.07.022},
 acmid = {1225647},
 publisher = {Academic Press Professional, Inc.},
 address = {San Diego, CA, USA},
 keywords = {Data compression, Generalized low rank approximation, Magnetohydronamics, Numerical methods, Singular value decomposition},
} 
  	
@article{greenwald2002,
  author={Martin Greenwald},
  title={Density limits in toroidal plasmas},
  journal={Plasma Physics and Controlled Fusion},
  volume={44},
  number={8},
  pages={R27},
  year={2002}
}

@article{hugill1983,
  author={J. Hugill},
  title={Transport in tokamaks - a review of experiment},
  journal={Nuclear Fusion},
  volume={23},
  number={3},
  pages={331},
  year={1983}
}

@article{rognlien2005,
  author={T.D.~Rognlien and M.V.~Umansky and X.Q.~Xu and R.H.~Cohen 
  and L.~L.~LoDestro},
  title={Simulation of plasma fluxes to material surfaces with self-consistent edge 
  turbulence and transport for tokamaks,},
  journal={J. Nuclear Materials},
  volume={337-339},
  pages={266},
  year={2005}
}

@article{rognlien2005b,
  author={T.~D.~Rognlien},
  title={Understanding of edge plasmas in magnetic fusion energy devices},
  journal={Plasma Physics and Controlled Fusion},
  volume={47},
  number={5A},
  pages={A283},
  year={2005}
}	
  	
@article{murakami1976,
  author={M. Murakami and J.D. Callen and L.A. Berry},
  title={Some observations on maximum densities in tokamak experiments},
  journal={Nuclear Fusion},
  volume={16},
  number={2},
  pages={347},
  url={http://stacks.iop.org/0029-5515/16/i=2/a=020},
  year={1976},
  abstract={}
}

@misc{ITPA,
	Howpublished = {\url{http://www.iter.org/org/team/fst/itpa}},
	Key = {ITPA},
	Title = {International Tokamak Physics Activity}
}

@Article{vadlamani2011,
  author        = {Srinath Vadlamani and Sveta Shasharina and Scott
    Kruger and Mark Durant and Dimitre Dimitrov and Chris Holland and
      Jeff Candy and Scott Parker and Yang Chen and Weigang Wan and
      Allen Sanderson}, 
  title         = {Status of TRANSP},
  journal       = "Bull. Am. Phys. Soc. ",
  year          = "2010",
  volume        = "55",
  number        = "15",
  pages         = "BP9.00092",
  url         = "http://meetings.aps.org/Meeting/DPP10/Event/130106",
  note          = ""
}
@misc{Valtools,
	Howpublished = {\url{https://ice.txcorp.com/trac/valtools}},
	Key = {Valtools},
	Title = {Fusion ValTools: Parallel Validation Tools for Fusion Simulations}
}



@article{green2009,
  author={D. L. Green and E. F. Jaeger and L. A. Berry and M. Choi and 
          rf-SciDAC team},
  title={Reconstruction in 3D of the fast wave fields in ITER, DIII-D, 
         C-Mod and NSTX, including the coupling of full-wave and particle 
         codes to resolve finite orbit effects},
  booktitle={18$^{\rm th}$ Topical Conference on Radio Frequency Power in 
             Plasmas},
  journal={American Institue of Physics},
  volume={1187},
  pages={569},
  year={2009},
}
@misc{FMCFM,
	Howpublished = {\url{http://ice.txcorp.com/trac/FMCFM}},
	Key = {FMCFM},
	Title = {Framework for Modernization and Componentization of Fusion Modules}
}
@article{Dimits:2000p1673,
   author = {A. M Dimits and Glenn Bateman and M. A Beer and Bruce I Cohen and W. D Dorland and Gregory W Hammett and Charlson C Kim and J. E Kinsey and M. T Kotschenreuther and Arnold H Kritz}, 
   journal = {Phys. Plasmas},
   title = {Comparisons and physics basis of tokamak transport models and turbulence simulations},
   pages = {969},
   volume = {7},
   year = {2000},
}

@article{Holties1996,
author = "H.A. Holties and G.T.A. Huysmans and J.P. Goedbloed and W. Kerner
and V.V. Parail and F. X. Soldner",
title = "Stability of infernal and ballooning modes in advanced tokamak scenarios",
journal = "Nucl. Fusion",
volume = "36",
number = "8",
pages = "973",
year = "1996",
url = "http://iopscience.iop.org/0029-5515/36/8/I03"
}

@misc{hakim11,
  author={A. H. Hakim and T.~D.~Rognlien and R.J. Groebner and J. Carlsson and J.R. Cary and S.E. Kruger and M. Miah and A. Pankin and A. Pletzer and S. Shasharina and S. Vadlamani
 and R. Cohen and T. Epperly},
  year=2011,
  howpublished={Submitted for publication to Physics of Plasmas}
}
